3214 4954
632 358 926 434 „¹21-

156 553 223 612 tem
254 544 431 612 carminum
461 541 580 627 ubique
616 544 803 618 consectati,
834 542 909 619 sint,
933 548 967 607 ut
1001 561 1071 606 eam
1105 543 1210 611 studio
1235 543 1373 627 quodam

159 664 383 732 devitaverint.
416 667 417 676 ’

242 783 306 849 Sed
327 786 364 847 ut
385 802 422 847 eo
445 786 599 857 revertar,
622 781 704 845 unde
727 799 798 844 sum
822 799 980 862 egressus,
1004 782 1087 866 ipsis
1112 781 1285 847 levissimis
1307 780 1372 845 illis

50 981 55 992 ·
159 901 336 979 versiculis,
359 898 475 988 quibus
499 919 625 965 amores
649 918 725 964 suos
748 898 895 965 Catullus
919 899 1103 976 celebravit,
1137 899 1370 967 Callimachum

159 1021 304 1087 imitatus
328 1039 397 1086 esse
419 1019 556 1085 videtur.
578 1024 707 1104 reputes
730 1019 858 1103 quidem
882 1038 920 1084 ca
937 1038 1018 1103 quae
1032 1019 1123 1086 Ovid.
1139 1020 1222 1085 trist.
1246 1018 1284 1098 ll,
1309 1020 1369 1084 367

159 1142 259 1206 dixit:
290 1159 370 1219 „nee
393 1137 469 1217 tibi,
491 1137 652 1217 Battiade,
681 1138 801 1216 nocuit,
832 1138 918 1222 quod
953 1157 1049 1223 saepe
1079 1137 1198 1220 legenti
1234 1138 1370 1205 delicias

160 1280 255 1327 versu
276 1261 384 1325 fassus
407 1275 440 1323 es
462 1257 532 1343 ipse
552 1262 665 1335 tuas“;
689 1256 728 1321 cf.
745 1254 844 1322 Diltb.
861 1275 889 1321 c.
902 1256 922 1321 l.
935 1276 966 1341 p.
981 1258 1039 1321 76:
1064 1255 1370 1334 „Callimachum-

159 1400 266 1446 rerum
297 1397 426 1444 suarum
456 1377 644 1442 memoriam
674 1375 850 1440 identidem
888 1376 1103 1444 immiscuisse
1127 1379 1294 1460 (aeriis)“;
1324 1377 1371 1441 sic

161 1495 348 1564 Callimachi
371 1497 471 1582 ipsius
494 1513 611 1561 nomen
634 1494 689 1572 (de
713 1493 838 1560 Gatullo
863 1513 914 1558 res
939 1496 1107 1561 notissima
1130 1497 1192 1580 est)
1227 1514 1370 1560 nonnus·

161 1637 256 1703 quam
278 1618 311 1683 iu
334 1616 576 1702 epigrammatis
603 1615 752 1688 occurrit,
778 1615 818 1680 ci.
843 1634 892 1700 ep.
915 1617 966 1691 21,
988 1619 1022 1692 1;
1045 1616 1097 1691 35,
1114 1619 1148 1681 1:
1172 1610 1370 1698 Βαττιὰδης.

244 1736 323 1802 haec
340 1741 429 1802 certa
447 1734 562 1820 plenae
578 1732 769 1799 imitationis
781 1731 923 1799 Graecae
941 1733 1089 1821 exempla
1106 1737 1190 1820 apud
1209 1732 1370 1802 Catullum

162 1862 283 1924 extent.

245 1974 397 2060 Sequitur
419 1972 516 2038 atde
539 1970 640 2036 altero
663 1991 779 2054 genere
801 1973 995 2038 imitationis
1018 1972 1163 2040 Graecae
1186 1973 1370 2038 accuratius

161 2110 371 2178 exponemus.
394 2110 456 2176 quo
479 2110 593 2173 genero
616 2111 655 2155 ea
672 2091 810 2169 vestigia
834 2090 1080 2158 colorisGraeci
1105 2069 1261 2157 or‘ationis
1284 2109 1370 2156 com-

161 2207 347 2296 plectimur,
377 2229 459 2298 quae
488 2212 523 2276 in
554 2209 672 2276 Gatulli
712 2209 907 2275 carminibus
943 2230 1117 2292 agnoscere
1147 2211 1232 2276 licet.
1262 2211 1371 2295 itaque

131 2386 133 2394 ,
162 2327 342 2411 colligenda
363 2335 438 2394 sunt
461 2327 494 2395 et
515 2350 566 2395 res
596 2335 628 2394 et
650 2329 838 2408 sententiae,
868 2349 1074 2416 quascunque
1098 2355 1114 2396 e
1138 2328 1260 2396 Graeco
1283 2330 1373 2395 fonte

160 2448 474 2534 floruisse-putamus.

246 2567 310 2632 Sed
338 2574 509 2654 antequam
533 2569 574 2633 ad
598 2586 663 2633 rem
687 2568 792 2656 ipsam
827 2568 1009 2650 adgredior,
1044 2571 1147 2635 denuo
1178 2588 1371 2635 commemo·

162 2685 299 2751 randum
321 2691 380 2762 est,
402 2688 514 2773 poesin
537 2687 752 2755 Catullianam
775 2688 859 2752 inter
881 2693 1024 2753 veterum
1048 2694 1217 2774 poetarum
1239 2688 1371 2754 Latino-

162 2825 232 2870 rum
261 2803 501 2890 simplicitatem
530 2814 562 2873 et
591 2805 719 2872 Horatii
748 2812 850 2871 artem
880 2805 1073 2892 perpolitam
1106 2808 1198 2891 quasi
1230 2807 1371 2872 mediam

162 2925 372 3001 interiacere;
392 2925 425 2990 in
449 2924 567 2991 Catulli
590 2924 786 2990 carminibus
809 2923 905 2990 facile
928 2944 1086 3010 quaenam
1101 2924 1233 2992 Graecis
1256 2925 1373 2992 debeat

163 3045 383 3124 agnoscimus3
411 3044 497 3130 apud
528 3043 698 3109 Horatium
728 3043 860 3128 propria
892 3042 1066 3110 aGraecis
1096 3064 1262 3111 secernere
1286 3044 1371 3111 diffi-

163 3158 315 3226 cillimam
338 3169 386 3229 est
417 3183 492 3228 uam
515 3183 587 3229 cum
610 3161 703 3228 huius
727 3167 877 3247 poemata
897 3163 1063 3230 doctrinae
1082 3162 1226 3230 Graecae
1240 3164 1372 3229 omniuo

112 3327 114 3334 .
162 3278 259 3366 plena
281 3288 397 3359 essent,
420 3282 566 3349 Catullus
587 3282 725 3347 nondum
751 3287 816 3347 tam
840 3285 967 3366 ponitus
990 3301 1028 3347 ea
1051 3282 1193 3348 imbutus
1226 3289 1304 3359 erat,
1336 3287 1372 3348 ut

163 3400 272 3464 omnia
301 3400 369 3464 eius
401 3404 547 3468 carmina
576 3407 709 3467 externo
739 3399 794 3465 illo
816 3399 987 3484 splendore
1016 3402 1220 3468 excellerent.
1252 3422 1370 3484 magna

162 3518 289 3602 quidem
313 3525 401 3603 {pars
423 3527 604 3605 poematum
628 3519 746 3586 Catulli
769 3520 916 3584 doctrina
946 3519 1003 3584 illa
1035 3529 1133 3586 carot.
1168 3523 1277 3607 itaque
1307 3524 1369 3587 duo

162 3656 280 3720 genera
309 3637 485 3704 carminum
515 3639 610 3705 facile
644 3640 729 3725 apud
761 3657 833 3704 oum
864 3639 1046 3706 discernere
1088 3646 1196 3726 potes:
1233 3641 1369 3707 alterum

160 3756 298 3833 illorum,
323 3776 405 3843 quae
428 3758 680 3825 ornatuGraeco
699 3759 853 3824 orationis
877 3758 1056 3844 splendent,
1079 3758 1214 3824 alterum
1232 3760 1369 3834 illorum,

163 3894 244 3961 quae
277 3876 485 3962 simplicitate
516 3879 639 3945 animos
669 3879 772 3960 magis
804 3877 854 3944 vel
878 3879 1092 3944 indoctissimi
1115 3883 1266 3965 cuimquc
1299 3901 1369 3964 pcr-

162 3999 301 4073 movant,
324 4015 419 4081 quam
444 4015 537 4061 aures
560 3995 723 4062 bominum
746 3998 911 4062 doctorum
936 3997 1105 4064 oblectent.
1137 3999 1202 4064 iam
1226 3999 1371 4064 carmina

162 4131 210 4190 ea,
233 4132 315 4198 quae
337 4113 495 4182 Graecam
517 4114 732 4182 imitationem
753 4115 905 4200 produnt,
929 4118 1196 4186 enumerabimus.

247 4252 284 4298 ac
316 4235 452 4320 primum
483 4234 611 4322 quidam
646 4232 707 4298 buc
739 4234 908 4302 referenda
941 4243 1015 4303 sunt
1044 4256 1082 4302 ea
1104 4236 1260 4311 earmina,
1289 4252 1372 4320 quaa

161 4356 210 4418 tot
242 4373 279 4418 ac
315 4360 382 4420 tam
406 4357 502 4430 certis
523 4354 715 4421 imitationis
746 4352 888 4422 Graecae
912 4357 1056 4439 vestigiis
1079 4352 1253 4432 excellunt,
1276 4357 1373 4442 etque
1397 4427 1402 4438 ‚

161 4473 206 4538 ita
229 4471 354 4539 Graeca
385 4475 585 4560 exemplaria
614 4474 758 4560 spirant,
788 4481 823 4538 ut
853 4495 890 4539 ca
925 4496 962 4538 ex
996 4473 1103 4557 aliquo
1126 4472 1267 4538 carmine
1289 4493 1374 4544 nuuc
