3214 4954
647 341 940 408 -23..

183 523 217 582 et
244 517 316 602 ipsa
345 515 444 582 totius
478 514 633 611 carminis
657 514 889 600 compositione
914 511 1207 578 Alexandrinorum
1231 517 1398 599 poetarum

183 633 348 728 exemplar¹
370 635 432 700 hoc
454 632 597 699 carmine
610 631 756 698 Catullus
770 633 939 718 expressit.
959 633 1017 698 sed
1035 652 1137 717 neque
1151 652 1250 698 unum
1267 635 1395 717 poetam

182 761 310 822 secutus
331 773 434 840 neque
456 755 504 819 ita
526 752 765 820 Alexandrinae
788 754 894 838 poesis
921 753 1062 826 formam
1084 731 1253 839 amplexus
1277 755 1337 826 est,
1361 751 1397 814 ut

183 875 278 961 plane
302 897 322 941 a
344 875 441 941 docta
463 873 682 959 antiquiorum
704 874 885 941 imitatione
908 872 1094 938 abstineret.
1122 873 1220 936 immo
1244 876 1275 934 et
1297 867 1396 935 Calli-

184 994 291 1062 machi
312 993 536 1078 Theecritiquc
558 997 591 1059 et
612 990 744 1058 Homeri
766 991 1055 1076 Demosthenieque
1078 989 1166 1055 locos
1189 1010 1260 1058 cum
1276 985 1396 1055 Catulli

185 1113 331 1180 uersibus
362 1111 524 1198 Hauptius
570 1113 783 1197 comparavit.
828 1110 943 1196 quibus
973 1107 1130 1176 nonnulla
1164 1109 1266 1174 addo:
1305 1127 1334 1170 v.
1359 1107 1394 1170 8:

183 1233 481 1311 „diva-retinens
503 1233 537 1297 in
555 1231 694 1296 summis
718 1229 851 1296 urbibus
871 1227 1191 1296 arces“Graeeorum
1209 1223 1400 1310 πολιοῦχος
1465 1216 1469 1222 ’

69 1435 73 1446 ¹
184 1359 251 1432 est;
285 1375 313 1417 v.
336 1338 416 1419 273:
449 1330 639 1431 ‚sscachinni'‘
672 1349 868 1416 Graecorum
899 1345 1055 1438 γέλασμα
1090 1343 1248 1436 κυμάτων
1271 1346 1395 1423 reddit;

182 1495 212 1537 r.
236 1473 315 1538 338:
347 1490 483 1557 „expers
506 1471 639 1537 terroris
661 1469 826 1536 Achilles“
849 1464 999 1551 ἄφοβος,
1021 1462 1237 1556 baralirem
1260 1483 1289 1527 v.
1314 1464 1394 1530 340:

185 1591 309 1673 „rictcr
340 1589 516 1662 certamine
549 1593 687 1654 cursus“
709 1583 810 1665 πόδας
839 1580 923 1662 datr
949 1586 1079 1654 Homeri
1109 1593 1177 1664 θοις
1211 1607 1239 1650 v.
1267 1583 1330 1650 358
1353 1602 1395 1648 as.
1484 1666 1487 1672 β

183 1709 318 1780 Achilli·
334 1710 470 1776 virtutes
482 1708 709 1793 respiciuntur,
730 1725 809 1793 quae
819 1707 978 1773 Homerus
995 1711 1127 1780 enarrat
1144 1706 1177 1770 in
1194 1703 1228 1770 ll.
1251 1701 1324 1770 libr.
1339 1704 1378 1770 21

181 1827 390 1896 intercalares
413 1822 684 1912 denique'versus
706 1825 755 1890 illi
778 1827 832 1911 qui
854 1826 1006 1892 carminis
1029 1826 1113 1912 quod
1128 1824 1251 1891 Parcae
1273 1828 1394 1890 canunt
1520 1901 1522 1906 .

85 1957 87 1961 ’
181 1947 326 2031 singulas
342 1951 452 2031 partes
469 1943 679 2012 concludunt:
703 1947 843 2020 ‚currite
861 1946 1015 2010 ducentes
1033 1945 1246 2026 subtegmina,
1265 1943 1395 2016 currite,

181 2068 277 2144 tusi‘,
300 2063 508 2131 Theocriteae
530 2065 637 2149 poesis
659 2065 849 2132 memoriam
873 2064 1028 2130 excitant.

269 2199 343 2267 item
366 2220 407 2266 ex
428 2199 549 2267 fabulis
572 2199 704 2292 Graecis
728 2207 953 2282 argumentum
975 2201 1035 2282 irg.
1060 2219 1085 2265 c
1110 2199 1151 2264 ab
1175 2200 1314 2285 petitum
1337 2203 1397 2275 est,

181 2321 215 2385 in
242 2339 304 2404 quo
344 2319 520 2385 Atalantae
541 2320 680 2405 pernicis
709 2338 792 2385 zona
828 2325 1104 2385 commemoretur.
1148 2339 1250 2404 neque
1291 2320 1397 2384 minus

183 2459 211 2506 c.
232 2438 274 2503 45
296 2457 336 2505 ex
360 2436 483 2522 Graeco
506 2438 595 2504 fonte
616 2438 757 2516 duxisse,
787 2439 820 2503 id
850 2457 914 2504 non
937 2438 1040 2504 solnm
1070 2445 1144 2532 tota,
1161 2437 1218 2504 illa
1241 2446 1311 2504 arte
1333 2457 1396 2522 qua

183 2555 328 2638 singulae
352 2559 503 2622 carminis
528 2564 637 2643 partes
661 2559 860 2644 compositae
883 2561 959 2622 sunt
982 2558 1193 2643 (respondent
1208 2557 1291 2624 enim
1312 2557 1396 2621 inter

183 2695 217 2740 se
253 2681 406 2759 tanquam
429 2676 571 2762 stropha,
596 2675 808 2762 antistrophe,
841 2678 977 2762 epodos)
1002 2681 1033 2742 et
1058 2675 1202 2741 versibus
1223 2674 1396 2741 intercala-

181 2793 284 2860 ribus:
309 2793 389 2876 „hoc
413 2800 450 2861 ut
473 2796 565 2873 dixit,
588 2797 711 2861 Amor*
731 2815 758 2862 s.
780 2796 846 2861 iam
869 2797 949 2861 satis
971 2794 1138 2881 probatur,
1160 2795 1333 2860 sedetiam
1356 2814 1397 2860 ex

181 2913 283 2980 doctis
306 2911 372 2978 illis
394 2912 548 2999 loquendi
570 2913 735 2990 formulis,
765 2915 880 3000 quibus
912 2915 947 2978 in
977 2915 1043 2979 suis
1066 2914 1226 2998 poematis
1249 2911 1399 2979 Catullus

181 3051 346 3116 nunquam
368 3050 446 3097 usus
469 3038 528 3111 est,
552 3031 699 3098 concludi
722 3040 838 3118 potest.
876 3053 950 3099 nam
981 3047 1053 3098 curn
1083 3037 1178 3118 poeta
1200 3030 1396 3097 Veronensis

183 3148 335 3216 Lesbiam
356 3171 448 3216 suam
471 3151 651 3246 „cari-orem
673 3152 805 3234 ocellis“
829 3152 880 3217 vel
904 3153 997 3238 „ipsa
1018 3153 1107 3216 vita-⁶
1131 3149 1280 3227 celebret,
1304 3170 1333 3214 v.
1353 3151 1398 3220 22

182 3268 358 3356 Septimius
387 3272 511 3342 Acmen
541 3291 633 3354 uuam
660 3272 787 3340 mavult
809 3290 928 3357 „quam
958 3271 1069 3356 Syrias
1106 3270 1396 3354 Britanniasque“;

181 3405 285 3473 neque
307 3389 402 3454 credo
429 3390 592 3457 Catullum
613 3391 749 3458 Lesbiae
782 3410 861 3456 suae
889 3410 1030 3475 unquam
1052 3389 1138 3456 idem
1160 3388 1397 3475 promissurum

45 3549 56 3568 .
181 3508 292 3587 tuisse,
323 3507 410 3592 quod
431 3507 605 3595 Septimius
628 3509 754 3596 puellae
776 3529 853 3576 suae
875 3510 1065 3596 pellicatum·
1090 3528 1163 3598 cum
1186 3507 1274 3588 dicit,
1299 3528 1343 3587 se,
1366 3508 1396 3573 si

181 3646 322 3712 unquam
345 3626 468 3691 Acmen
491 3648 600 3697 amare
623 3630 765 3709 desierit,
788 3629 894 3696 solum
925 3629 980 3708 „in
1001 3627 1106 3714 Libya
1127 3626 1284 3713 Indiaque
1306 3633 1395 3694 tosta

180 3747 287 3812 caesio
326 3743 457 3811 obvium
485 3745 590 3814 leoni‘
620 3756 791 3817 venturum
824 3768 912 3824 esser
945 3767 1026 3833 quae
1064 3747 1188 3834 „Libya
1222 3752 1331 3815 tosta“
1359 3751 1395 3811 nt

180 3885 279 3948 supra
319 3862 478 3948 „Libyssa
514 3874 634 3932 ar·eua“
679 3868 937 3935 Alexandrinum
975 3866 1142 3954 exemplar
1183 3868 1296 3954 spirat.
1334 3865 1394 3931 hac

180 3981 350 4050 occasione
382 3984 461 4049 data
483 3985 602 4049 addere
624 3987 779 4053 nonnulla
807 3987 910 4053 audeo
934 3988 977 4053 da·
997 3986 1146 4056 versibus
1168 3977 1232 4052 illis
1252 3989 1394 4052 interca·

179 4099 320 4172 laribus:

447 4292 527 4370 „boc
551 4299 586 4358 ut
607 4292 700 4366 dixit,
725 4295 824 4368 Amor
847 4294 980 4364 sinistra
1003 4301 1038 4359 ut
1060 4299 1140 4360 aute

449 4413 565 4478 dextra
587 4413 725 4478 sternuit
748 4413 1018 4499 approbatione“;
