3214 4954
623 295 1041 362 -14-.

338 499 488 589 Ῑὲσπερε,
512 496 624 564 πάντα
649 497 768 588 Φέρεις,
792 493 855 565 ὅσα
879 498 1034 584 (Ocriculum
1057 499 1204 564 ioniiuo'
1224 493 1330 581 ,αὕινζ

335 613 382 684 οἷν
407 615 619 708 σιῖφὲρενςτε
643 612 698 683 καὶ
723 613 919 708 αἷγαφὲρεις
940 615 997 682 καὶ
1020 619 1141 710 ματέρι
1164 619 1277 686 παῖδα.

185 777 251 842 Gal.
276 798 326 842 vv.
349 777 486 854 32-38,
507 775 570 858 frg.
592 777 634 840 94
655 775 791 860 Bergk:

338 925 410 993 οἷαν
433 928 497 995 τοίν
514 927 677 1010 ὑάκινθον
701 927 732 994 ἐν
757 925 867 1019 οὔρεσι
886 930 1037 1019 ποίμενες
1057 923 1169 1020 ἄνδρες
1185 927 1283 994 πόσσι
1299 949 1403 996 nucu·

337 1050 514 1130 στείβοισι,’
539 1047 655 1138 χάμαι
680 1049 713 1116 δι’
736 1069 775 1115 τε
799 1047 967 1138 rro'prpupoo
991 1044 1104 1128 ἄνθος.-
1123 1097 1131 1113 .
1151 1095 1182 1115 ..

184 1205 253 1270 (lat.
276 1225 327 1269 vv.
352 1206 478 1272 39-58
500 1207 705 1291 respondere.
729 1225 768 1272 uo
790 1206 936 1291 profectu
945 1204 1106 1271 Catullum
1117 1205 1268 1291 Sapphus
1289 1224 1402 1270 versus
1461 1249 1462 1252 ι

184 1325 346 1391 imitatum
359 1344 429 1390 esse
447 1325 551 1414 video,
574 1325 781 1391 transtulisse
804 1325 953 1411 equidem
975 1339 1153 1406 agnoscere
1170 1345 1236 1391 non
1258 1344 1400 1411 possum.

183 1444 284 1511 multo
299 1445 367 1509 veri
383 1441 525 1509 similior
547 1445 654 1530 opinio
665 1444 829 1511 Leutsehii
851 1464 922 1512 esee
944 1443 1025 1510 milri
1045 1444 1183 1522 videtur,
1206 1460 1305 1530 quem
1326 1463 1402 1529 pro-

161 1563 257 1656 tulit
291 1569 381 1628 nunt.
416 1564 504 1628 erud.
535 1561 678 1646 Gotting.
704 1564 786 1630 1855
817 1569 894 1629 tom.
917 1562 978 1630 Ill:
1016 1563 1119 1630 credit
1150 1563 1234 1628 euim
1271 1562 1400 1630 Catullo

179 1682 389 1770 epithalamia
410 1682 559 1770 Sapphus
600 1683 649 1750 ita
682 1682 855 1749 obversata
878 1703 960 1762 esee,
992 1687 1029 1748 ut
1050 1703 1177 1748 omnem
1207 1701 1235 1748 e.
1258 1682 1300 1746 62
1324 1702 1402 1748 con·

178 1803 409 1868 formationem
434 1808 531 1887 atque
553 1801 699 1868 habitum
722 1812 754 1868 et
776 1803 955 1868 sententias
979 1801 1150 1896 nonnullas
1174 1801 1214 1866 ab
1238 1801 1284 1866 eis
1306 1820 1402 1886 repe·

178 1926 277 1998 teret3
300 1922 357 1988 sed
379 1927 505 1988 tanturn
528 1921 650 2000 abesae,
673 1927 709 1986 ut
732 1939 804 1986 eam
826 1922 955 1986 omnine
979 1927 1109 1987 secutus
1131 1921 1185 2000 eit,
1204 1927 1241 1987 ut
1264 1925 1297 1986 ct
1316 1921 1401 1985 ima-

176 2042 268 2121 gines
292 2048 387 2128 atque
409 2042 587 2108 sententias
609 2060 684 2106 vere
706 2039 870 2106 Romanas
893 2041 1031 2106 carmini
1052 2041 1243 2118 intexuerit,
1265 2046 1298 2105 et
1321 2035 1395 2106 (ial-
1508 2063 1511 2070 ·

176 2157 310 2228 limaohi
343 2165 384 2240 (v.
412 2160 454 2226 35
483 2159 554 2226 coll.
578 2159 704 2226 Gallim.
731 2160 793 2242 frg.
820 2155 863 2225 52
885 2159 997 2225 Naeke
1029 2180 1080 2246 op.
1103 2158 1130 2224 ll
1159 2181 1190 2246 p.
1213 2161 1273 2237 38;
1306 2181 1334 2223 v.
1357 2159 1398 2223 57

178 2276 250 2343 eoll.
275 2279 400 2345 Gallim.
423 2299 470 2364 ep.
496 2280 521 2358 1,
547 2275 764 2372 minuerit,
776 2278 918 2380 Lucretii
941 2298 1064 2343 memor
1086 2278 1187 2343 luisse
1210 2278 1368 2343 videatur.

265 2395 367 2480 Pergo
390 2397 432 2462 ad
462 2417 489 2463 c.
513 2399 554 2462 66
580 2396 709 2476 Catulli,
737 2399 824 2482 quod
853 2418 894 2463 ex
916 2395 1127 2463 Callimachio
1150 2403 1301 2483 poemate
1336 2395 1397 2475 „de

177 2535 271 2583 coma
301 2516 495 2583 Berenicen*
526 2516 714 2606 (Βερενίκης
735 2514 925 2607 πλόκαμος)
958 2493 1175 2582 ἱηᾞιιῑίιιιιιιι
1206 2535 1398 2582 conversum
1530 2579 1533 2586 ,

177 2655 248 2702 esse
271 2656 311 2702 ex
340 2636 486 2720 vestigiis
517 2635 681 2702 nonnullis
713 2636 761 2703 ita
791 2635 941 2734 colligere
962 2633 1047 2710 licet,
1077 2633 1114 2701 u't
1143 2617 1246 2702 nemo
1268 2636 1307 2702 de
1337 2631 1399 2699 hae

174 2774 210 2819 re
241 2753 390 2821 dubitare
419 2757 532 2840 possit.
569 2729 627 2822 sed
663 2756 807 2840 graviter
839 2749 1014 2822 dolendum
1044 2760 1102 2832 eet,
1136 2751 1273 2838 elegiam
1301 2752 1393 2818 illam

174 2881 291 2960 poetae
312 2874 529 2942 Alexandrini
549 2876 765 2942 intercidisse.
787 2881 901 2942 extant
930 2847 1017 2940 enim
1039 2876 1103 2940 tria
1126 2880 1252 2941 tanturn
1276 2872 1395 2936 earmi-

173 2979 445 3062 nis'Callimachii
474 2996 669 3078 fragmenta,
701 3015 784 3081 quae
812 3015 832 3060 e
856 2994 985 3062 Catullo
1018 3014 1174 3080 expressa
1194 2986 1276 3056 'esee
1309 2991 1396 3056 inter

174 3133 288 3182 omnes
312 3119 450 3180 constat.
474 3120 551 3180 sunt
571 3119 681 3180 autem
702 3111 799 3180 haec:
1207 3093 1210 3100 λ

212 3266 215 3270 ’
325 3272 343 3370 ἦ
367 3303 411 3373 με
433 3281 549 3349 Κόνων
573 3280 727 3371 ἔβλεψεν
739 3282 771 3350 ἐν
796 3283 815 3372 el
828 3284 890 3374 ἑρι*
914 3287 974 3350 τόν
993 3283 1165 3373 Βιρινίκης
1179 3279 1394 3371 βόστρυχον,

326 3397 363 3468 ὃν
387 3405 475 3492 κείν»)
498 3407 601 3468 πᾶσιν
622 3400 727 3492 ἔθηκε
744 3405 834 3482 θεοῖς

174 3573 191 3611 a
215 3567 262 3654 (ἐν
286 3571 397 3664 αἰθέρι
420 3571 735 3663 reponendumesso
756 3582 874 3666 putant
891 3571 1031 3642 Meinek.
1056 3571 1105 3640 ed.
1130 3571 1254 3642 Gallim.
1277 3593 1308 3659 p.
1334 3569 1396 3636 195

172 3699 204 3761 et
225 3689 345 3779 Bergk.
376 3687 464 3760 anth.
498 3687 559 3782 lyr.
593 3697 642 3764 ed.
666 3691 722 3762 alt.
743 3689 833 3784 Lips.
858 3691 940 3761 1868
976 3709 1009 3780 p.
1032 3688 1093 3760 XV
1124 3687 1278 3782 proleg),
1313 3708 1394 3774 quos

172 3833 286 3882 vernus
309 3808 457 3882 Catullus
479 3813 529 3881 hie
552 3814 659 3882 verbis
683 3809 797 3882 Latine
820 3814 936 3880 vertit:
960 3832 988 3880 e.
1012 3811 1065 3893 66,
1087 3799 1107 3878 i
1132 3831 1175 3879 se.

326 3968 435 4050 „iilam
456 3987 507 4034 me
530 3966 586 4034 ille
610 3967 721 4035 Conon
740 3967 876 4036 caelesti
896 3968 933 4033 in
953 3966 1075 4048 lumine
1098 3967 1176 4032 vidit

322 4107 362 4154 ee
379 4086 556 4154 Bereniceo
576 4088 701 4156 vertice
724 4089 903 4156 caesariem

323 4205 515 4291 (fulgentem
536 4205 653 4286 clare),
673 4189 771 4295 quern
792 4206 917 4276 cunctis
939 4204 998 4272 illa
1021 4203 1156 4270 deorum

321 4324 420 4418 (levia
434 4305 639 4416 protendens·
659 4325 826 4408 bracchia>
848 4325 1058 4412 pollicituot‘⁴

169 4443 203 4508 in
226 4439 341 4528 quibus
366 4419 534 4524 ,‚eiinctis“
559 4454 591 4513 et
610 4446 790 4528 „deorum“
811 4444 953 4532 Hauptio
983 4444 1123 4528 (quaest.
1142 4436 1211 4507 ott.
1230 4461 1260 4527 p.
1277 4441 1390 4519 ressa
