3214 4954
594 375 887 437 -rb-

151 569 183 613 es
207 568 302 633 porro
328 547 426 614 verba
457 569 485 611 r.
509 549 546 612 2:
579 554 731 626 „sevocat
752 567 772 612 a
793 549 934 638 doctis
958 547 1176 630 virginibus“;
1202 550 1299 614 etiam
1324 551 1358 613 in

149 689 174 733 c.
202 673 217 732 1
242 667 341 732 verba
361 673 508 748 ‚‚nugas“
533 675 565 732 et
587 666 728 746 „chartis
751 666 886 732 doctis
901 673 983 731 --et
1004 666 1195 745 laboriosis,
1217 668 1301 732 inter
1323 688 1361 732 se

148 788 298 873 opposita
321 793 404 852 sunt.
428 787 576 852 similiter
589 786 743 851 Horatius
765 784 869 870 lyrica
885 805 944 850 sua
960 794 1113 870 poemata
1134 785 1366 864 ‚‚carminum“'

147 908 276 972 nomine
299 905 415 972 ceteris
448 907 607 990 poematis
640 906 775 991 opponit
805 925 853 990 ep.
877 904 919 978 ΙΙ,
941 907 971 982 2,
993 907 1035 969 59
1057 925 1100 969 s:
1132 908 1294 984 „carmine
1323 915 1358 972 tu

149 1029 281 1107 gaudes,
303 1025 356 1090 hio
378 1024 558 1089 delectatur.
577 1023 726 1102 iambis“‚
748 1029 778 1088 et
800 1044 829 1086 v.
845 1026 903 1089 91:
928 1024 1093 1102 „carmina
1115 1045 1282 1109 compono,
1305 1026 1360 1092 hic

150 1145 289 1226 elegos.“
324 1150 356 1210 ct
378 1145 462 1229 quod
485 1129 817 1223 credo'‚‚munerr'bus
840 1143 1029 1209 Musarum“
1058 1165 1086 1209 v.
1113 1144 1318 1210 intermina
1341 1167 1357 1211 e

151 1263 281 1330 Graecis
303 1283 458 1348 expressa
479 1264 662 1344 significari,
684 1263 764 1326 baec
776 1263 882 1346 opinio
894 1265 1054 1328 sententia
1070 1239 1182 1328 nostra
1198 1259 1236 1329 de
1254 1264 1357 1350 expli-

150 1386 252 1449 cando
277 1404 303 1448 c.
327 1384 389 1448 cea
428 1383 644 1460 confirmatur,
676 1401 773 1466 quam
809 1383 842 1445 in
876 1387 1064 1446 transcursu
1104 1384 1250 1468 proferre
1279 1384 1356 1450 mihi

149 1503 256 1569 liceat.
279 1507 471 1587 poposcerat
492 1503 591 1582 igitur
612 1500 751 1565 Manlius
774 1499 934 1566 Catullum
958 1521 986 1564 v.
1002 1503 1055 1566 10:
1080 1522 1234 1580 „munera
1247 1503 1356 1569 Musa·

150 1641 220 1685 rum
243 1628 275 1685 et
296 1641 429 1686 munera
452 1620 607 1684 Veneris“
642 1619 698 1694 (cf.
723 1641 749 1682 v.
774 1620 832 1683 39:
865 1621 972 1704 „quod
1003 1619 1062 1683 tibi
1094 1641 1159 1686 non
1190 1624 1357 1708 utriusque

150 1741 272 1825 petenti
302 1743 395 1825 copia
423 1742 590 1814 factast‘),
631 1737 745 1820 quibus
776 1738 881 1802 verbis
913 1744 1009 1824 poeta
1039 1759 1116 1825 non
1134 1739 1289 1820 aliorum,
1321 1749 1357 1808 ut

149 1857 366 1944 Westpbalius
397 1865 443 1942 (p.
466 1857 508 1920 69
530 1855 605 1921 libri
634 1856 781 1935 „Catulls
805 1857 972 1938 gedicbte“
1000 1858 1097 1935 1867)
1121 1858 1199 1937 vult,
1230 1859 1357 1927 libellos
1438 1855 1450 1881 ⁰

149 1981 327 2046 carminum
359 1996 397 2041 ex
438 1974 633 2040 bibliotheca
664 1977 897 2061 depromendos
936 1982 1085 2057 (munera
1112 1977 1292 2052 Musarum)
1326 1991 1359 2046 et

150 2097 295 2162 carmina
324 2095 484 2158 amatoria
513 2114 532 2158 a
558 2093 684 2160 Catullo
710 2096 782 2180 ipso
822 2097 1001 2179 composita
1031 2069 1177 2178 (munera
1207 2097 1356 2179 Veneris)

149 2214 351 2296 significavit.
375 2215 472 2277 immo
496 2213 602 2278 verbis
625 2213 689 2279 illis
713 2215 776 2278 duo
796 2213 853 2278 illa
872 2234 990 2296 genera
1004 2217 1182 2278 carminum
1192 2224 1357 2285 notantur.

147 2353 228 2419 quae
252 2333 356 2396 adbuc
379 2333 413 2396 in
442 2331 549 2397 libello
573 2338 684 2396 nostro
708 2331 890 2398 Catulliano
913 2334 1075 2417 permixta
1103 2342 1224 2400 extant.
1248 2319 1356 2422 itaque

148 2451 551 2530 ,‚muneribusMusarum“
574 2453 719 2518 carmina
740 2450 798 2517 illa
819 2458 933 2537 poetae
953 2454 1038 2517 docti
1054 2454 1248 2534 indicantur,
1273 2477 1356 2540 quae

145 2565 290 2636 Catullus
314 2568 492 2635 exGraeco
508 2572 613 2649 vertit,
636 2569 752 2656 quibus
766 2573 914 2656 opposita
929 2577 1004 2636 sunt
1025 2592 1180 2650 „munera
1193 2573 1358 2654 Veneris“,

146 2690 168 2752 i.
184 2709 209 2754 c.
231 2687 342 2752 brevia
364 2686 421 2752 illa
441 2690 585 2754 carmina
607 2691 767 2756 amatoria
792 2696 888 2774 atque
912 2691 1033 2770 iocosa,
1068 2691 1184 2786 quibus
1208 2693 1356 2759 Catullus
1389 2747 1395 2758 .
1417 2710 1419 2715 ·

145 2808 294 2892 inprimis
318 2805 478 2872 excelluit.
501 2809 630 2892 saepius
653 2807 842 2892 Propertius
871 2815 968 2892 atque
992 2809 1125 2876 Ovidius
1143 2815 1353 2880 suavissimo·

145 2947 216 2992 rum
238 2925 370 2996 illorum
388 2926 566 2990 carminum
578 2927 734 3003 „lascivi“
745 2926 872 3004 Catulli,
884 2928 998 3012 quibus
1007 2928 1157 2994 Lesbiam
1171 2929 1358 3011 celebravit,

147 3045 341 3110 mentionem
356 3045 511 3122 fecerunt,
527 3045 701 3126 elegiarum
713 3064 881 3130 nusquam.
896 3045 979 3110 hanc
990 3045 1288 3132 interpretationem
1304 3072 1357 3115 ve·
1396 3047 1399 3054 ’

145 3182 216 3227 ram
239 3181 308 3228 esse
330 3185 370 3228 ex
394 3170 464 3229 tota
485 3165 716 3230 sententiarum
745 3166 978 3250 compositione
1000 3175 1144 3251 apparet.
1168 3189 1218 3232 vv.
1240 3170 1261 3234 5
1284 3176 1315 3236 et
1338 3173 1358 3235 6

147 3282 234 3348 enim
250 3299 399 3348 caussam
409 3282 523 3348 Manlii
544 3284 722 3368 proferunt,
741 3303 797 3348 cur
820 3286 964 3350 carmina
986 3288 1145 3352 amatoria
1155 3291 1357 3372 poposcerit:

144 3421 197 3466 vv.
223 3401 241 3464 7
264 3405 296 3465 et
318 3400 347 3478 8,
371 3419 426 3465 cur
454 3408 604 3487 poemata
640 3404 679 3468 de
700 3400 833 3468 Graecis
864 3423 1019 3490 expressa
1051 3403 1174 3476 babere.
1201 3407 1358 3487 v'oluerit3

146 3537 285 3602 namque
307 3519 471 3594 „carmina
492 3528 637 3589 veterum
661 3523 875 3608 scriptorum*
900 3525 1045 3589 carmina
1068 3525 1107 3592 de
1124 3522 1256 3592 Graecis
1280 3545 1357 3592 con-

145 3657 243 3704 versa
266 3656 337 3703 esse
359 3657 400 3704 ex
435 3659 469 3702 re
498 3641 569 3726 ipsa
599 3648 742 3727 apparet.
775 3643 890 3708 eodum
923 3643 1017 3708 modo
1041 3641 1182 3708 Graecos
1204 3643 1358 3710 Horatius

144 3763 314 3836 „veteres‘
337 3756 516 3823 nominavit
540 3767 600 3824 sat.
624 3760 663 3839 ll,
686 3762 716 3838 6,
739 3762 800 3837 61;
823 3759 863 3839 ll,
886 3762 915 3840 7,
941 3762 1008 3824 101.
1047 3781 1128 3846 quae
1153 3763 1216 3840 duo
1239 3784 1359 3845 genera

147 3878 326 3942 carminum
342 3874 487 3942 Catullus
503 3899 532 3943 v.
555 3880 594 3942 10
611 3901 673 3944 uno
693 3899 797 3959 versu,
821 3899 897 3944 usus
919 3881 1022 3961 figura
1042 3879 1109 3957 ula,
1133 3901 1231 3966 quam
1254 3883 1359 3949 clrias-

145 4012 234 4060 mum
258 3991 468 4079 appellamus,
493 3996 680 4080 complexus
704 4005 767 4076 est;
797 4021 848 4062 vv.
872 4000 893 4063 b
917 4003 949 4062 et
970 3999 990 4062 6
1009 4002 1097 4064 enim
1121 4021 1275 4078 „munera
1298 4003 1359 4067 Ve-

144 4113 263 4188 neris“‚
285 4133 335 4192 vv,
358 4115 457 4180 'let8
480 4134 636 4193 „munera
658 4117 842 4182 Musarum“
866 4119 1069 4202 respondent.
1094 4120 1203 4204 itaque
1226 4120 1277 4184 vel
1299 4121 1361 4187 hac

146 4252 187 4296 ex
211 4249 309 4296 causa
331 4229 435 4298 elucet
455 4253 614 4313 „munera
629 4234 815 4300 Musarum“
837 4235 1046 4334 nonlibellos
1057 4241 1235 4303 carminum
1247 4249 1363 4324 poetae

145 4348 281 4416 alicuius
305 4370 386 4422 esse,
409 4353 466 4416 sed
488 4360 651 4438 poemata,
674 4374 754 4440 quae
771 4354 917 4422 Catullus
939 4358 1010 4442 ipse
1029 4356 1232 4433 auctoribus,
1267 4360 1365 4434 lau

144 4465 276 4538 Graecis
290 4469 475 4538 auctoribus
486 4473 690 4557 expresserit.
714 4472 763 4538 lus
777 4476 927 4560 opposita
939 4479 1014 4542 suut
1027 4493 1181 4553 ,munera
1195 4475 1362 4556 Venerist,

1120 4593 1155 4658 ⁶2*

1137 4739 1159 4810 ε.
