3214 4954
650 358 687 366 ,
776 321 943 383 ‘lt-⁴1

194 490 315 558 lumin
340 491 484 578 epistolis
508 511 552 555 cc.
576 493 618 556 35
641 497 672 556 et
693 493 734 558 38
758 493 801 557 ad
817 491 991 558 Caecilium
1016 499 1049 559 et
1063 493 1267 560 Cornificium
1290 502 1405 581 poetas

193 613 278 677 datis
302 611 485 696 „Sapphica
506 609 621 676 Musa“
644 611 872 689 et„lacr1mae
895 610 1121 678 Simonideae“
1149 633 1403 681 commemoran-

193 737 260 809 tur;
282 732 316 795 in
339 751 365 794 e.
390 731 440 806 95,
480 749 542 814 qno
574 749 662 794 more
695 729 750 795 illo
782 733 848 794 τῶν
878 728 1044 818 νεωτέρων
1077 731 1249 818 Zmyrnam
1281 735 1402 801 Cinnae

192 852 287 915 amici
309 849 519 936 popularibus
549 851 615 915 suis
639 845 843 916 commendat
865 857 897 916 ct
919 871 1049 916 carmen
1078 852 1158 918 illud
1182 855 1223 919 ad
1253 861 1400 939 posteros

192 975 224 1034 et
256 971 289 1034 in
320 976 423 1035 terras
452 970 685 1035 remotissimas
719 989 838 1047 „cavas
867 969 1016 1036 Satrachi
1051 973 1179 1057 penitus
1211 974 1252 1038 ad
1276 973 1397 1037 undas“

191 1096 403 1174 propagatum
425 1090 466 1180 iri
488 1090 686 1175 pronuntiat,
709 1089 844 1166 „tumidi
866 1089 1073 1154 Antimachi“
1096 1093 1289 1156 mentionem
1310 1092 1400 1156 fecit.

97 1257 100 1264 r
191 1208 252 1274 huc
282 1211 379 1274 etiam
411 1231 436 1275 c.
459 1211 502 1275 50
532 1210 734 1276 referendum
758 1217 817 1280 est,
849 1209 904 1276 uhi
942 1209 1073 1276 verbum
1102 1211 1257 1290 „ludere“
1286 1211 1398 1274 eodem

190 1329 286 1393 modo
311 1341 372 1414 quo
397 1328 592 1394 Graecorum
614 1327 744 1416 παίζειν
775 1339 967 1415 usurpatum
989 1335 1054 1410 est;
1085 1330 1169 1395 idem
1200 1329 1332 1396 verbum
1367 1333 1400 1394 et

192 1445 307 1514 Graeci
340 1454 371 1513 et
394 1447 539 1516 Catullus
572 1448 611 1513 de
635 1469 743 1514 amore
767 1455 798 1514 et
819 1448 915 1514 rebus
940 1447 1074 1514 ludicris
1096 1449 1398 1533 frequentaverunt:

191 1569 232 1632 or.
257 1569 286 1645 a,
309 1571 329 1634 n
353 1575 385 1632 er
406 1569 443 1645 e;
468 1569 517 1645 17,
541 1567 599 1646 rr;
622 1570 673 1646 ce,
698 1569 777 1647 rsa
800 1569 943 1648 erare
967 1569 1064 1633 enam
1087 1587 1114 1630 v.
1129 1549 1166 1645 ω
1190 1587 1270 1652 „per
1293 1569 1401 1633 iocum

191 1693 288 1774 atque
310 1689 441 1752 vinumr‘
465 1687 520 1754 (cf.
544 1707 570 1751 c.
587 1686 636 1763 12,
658 1689 694 1752 2:
720 1687 773 1764 „in
794 1686 866 1752 ioco
888 1692 984 1771 atque
1006 1687 1116 1766 vino“)
1138 1685 1328 1753 Callimachi
1350 1708 1401 1752 re·

191 1807 344 1872 cordatus
373 1807 542 1891 scripsisse
564 1807 700 1882 videtur,
733 1807 773 1870 of.
798 1804 876 1872 Call.
910 1826 959 1891 ep.
989 1807 1031 1871 35
1052 1807 1156 1872 Mein:
1188 1801 1262 1888 οἴνῳ
1286 1806 1400 1893 καίρια

193 1923 407 2014 coenaculum.
439 1924 500 1989 huc
530 1923 614 1989 adde
646 1924 731 2009 quod
762 1923 890 1990 initium
929 1944 955 1989 c.
978 1927 1035 1989 27:
1076 1927 1245 2003 „minister
1285 1925 1401 1990 vetuli-

191 2047 303 2127 inger‘
315 2066 357 2111 ss.
380 2039 605 2126 usitatissima,
617 2044 797 2108 carminum
807 2044 1108 2109 Anacreonteorum
1122 2046 1263 2111 formula
1280 2047 1401 2113 dictum

192 2171 242 2232 est
270 2163 325 2251 (cl.
349 2163 467 2230 Garck.
483 2155 486 2160 ’
501 2183 528 2229 c.
551 2163 572 2228 l.
596 2183 628 2249 p.
652 2164 744 2242 162„
775 2181 802 2228 c.
827 2164 856 2245 1,
887 2183 1017 2228 versum
1051 2165 1091 2229 10
1122 2165 1312 2230 Callimachi
1338 2167 1400 2244 frg.

191 2283 296 2350 CXXI
308 2283 413 2350 Bentl.
424 2303 549 2354 memor
557 2285 690 2368 scripsit
700 2283 755 2362 (ci.
766 2281 914 2348 Leutsch.
928 2289 1018 2348 nunt.
1032 2283 1117 2348 erud.
1130 2281 1215 2350 Gott.
1227 2285 1316 2348 1855.
1327 2280 1395 2348 ΙΙΙ).

190 2404 311 2489 optime
326 2401 690 2487 deniqueWestphalius
714 2401 776 2487 (ed.
789 2401 858 2468 Cat.
870 2422 901 2486 p.
919 2401 993 2486 145)
1010 2402 1137 2467 initium
1160 2420 1185 2466 c.
1198 2403 1254 2467 56:
1278 2420 1316 2481 „o
1329 2419 1397 2464 rem

190 2521 378 2602 ridiculam,
413 2519 502 2600 Cato,
532 2528 564 2587 et
584 2522 749 2586 iocosam“
779 2540 821 2586 ss.
853 2540 926 2586 cum
954 2523 1016 2602 hg.
1040 2523 1081 2588 80
1102 2520 1288 2586 Archilochi
1313 2538 1401 2617 com-

191 2641 335 2728 paravitz

335 2790 557 2882 Ἐρωσμονίδη
581 2791 739 2882 Χαρίλαε,
768 2791 890 2884 χρῆμά
913 2818 966 2858 τοι
991 2791 1123 2878 γελοῖον

338 2911 425 3004 ἐρέω,
450 2909 536 2980 πολὺ
561 2913 707 2998 φίλταθ’
730 2914 878 3005 ἑταίρων,
902 2914 1046 3004 riudam
1070 2913 1096 2977 δ’
1117 2912 1257 2978 ἁκούων,

191 3121 299 3204 itaque
322 3120 515 3188 sententiam
531 3120 716 3186 Archilochi
738 3120 800 3186 alio
824 3128 927 3187 metro
950 3121 1108 3198 reddidit3
1130 3118 1224 3183 aliter
1245 3117 1400 3183 Horatius

193 3238 420 3305 Archilochum
448 3240 594 3305 imitatus
627 3245 686 3319 est,
719 3241 759 3304 ci.
783 3259 832 3325 ep.
857 3239 879 3321 Ι,
905 3241 954 3322 19,
976 3242 1033 3306 24:
1065 3255 1236 3320 „numeros
1259 3239 1399 3302 animos-

192 3378 253 3442 que
276 3364 404 3425 secutus
425 3358 621 3440 Archilochi,
644 3379 708 3424 non
731 3379 783 3424 res
806 3365 839 3425 et
860 3362 990 3442 agentia
1010 3357 1107 3424 verba
1129 3355 1347 3442 Lycamben.“

274 3475 388 3543 Restat
417 3482 453 3544 ut
483 3477 522 3543 de
554 3480 649 3545 tertio
678 3500 794 3562 genere
825 3480 975 3546 dictionis
1005 3477 1233 3558 Graecanicae,
1274 3464 1414 3561 qualem
1446 3463 1450 3470 “

192 3596 278 3682 apud
300 3594 461 3662 Catullum
482 3597 674 3679 invenimus,
697 3599 837 3665 breviter
850 3617 1071 3683 exponamus.
1094 3600 1191 3665 etiam
1219 3595 1275 3661 ubi
1297 3594 1400 3658 ironia

192 3717 294 3782 utitur
314 3715 525 3800 inimicosque
548 3713 764 3783 acerbissimis
798 3713 1003 3783 contumeliis
1022 3718 1228 3804 prosequitur
1245 3714 1400 3780 Graecam
1421 3711 1423 3718 '

191 3835 371 3902 doctrinam
395 3836 536 3901 admisit.
562 3837 609 3902 sic
632 3841 695 3902 c.3
717 3839 751 3902 in
772 3842 922 3922 poemate
945 3857 1018 3903 vere
1040 3838 1164 3903 ludicro
1187 3855 1295 3901 omnes
1319 3833 1401 3916 „Ve-

190 3975 284 4021 neres
306 3951 564 4040 Cupidiuesque“
587 3955 642 4039 (cf.
666 3975 693 4022 e.
719 3958 768 4037 13,
791 3955 846 4022 ubi
868 3956 972 4021 facete
995 3958 1034 4023 de
1053 3962 1217 4039 unguento
1233 3931 1403 4040 praestan·

191 4077 316 4141 tissimo
352 4075 436 4162 qued
471 4074 621 4159 apuella
641 4095 701 4141 sua
723 4081 894 4161 acceperat
915 4076 1072 4163 loquitur)
1096 4082 1200 4154 vocat,
1235 4081 1271 4138 ut
1294 4091 1404 4139 secum

191 4201 328 4261 mortem
360 4193 473 4261 melliti
495 4193 635 4260 Lesbiae
659 4195 816 4282 passeris
833 4196 974 4279 lugeant
994 4196 1069 4280 „qui
1100 4213 1185 4258 nuuc
1214 4195 1240 4258 it
1262 4214 1320 4278 per
1342 4193 1404 4258 iter

191 4314 439 4397 tenebricosum,
460 4314 539 4381 illue
560 4314 645 4380 unde
667 4322 787 4396 negant
815 4316 920 4382 redire
953 4314 1170 4402 quenquam“,
1199 4312 1238 4376 cf.
1270 4310 1404 4376 Theocr.

196 4430 345 4511 17,’120;
380 4427 461 4505 ὅθεν
494 4430 597 4497 πάλιν
622 4424 735 4497 οὐκέτι
765 4431 885 4511 νόστος,
909 4435 988 4498 trita
1022 4433 1157 4496 Graecis
1185 4430 1327 4495 formula
1359 4429 1406 4492 lc-
