3214 4954
669 313 1012 400 -ra-‘

200 512 280 572 rent.
304 506 397 574 aliter
405 505 558 573 Horatius
578 505 664 574 idem
686 507 835 593 Sapphus
852 507 999 572 odarium
1013 505 1158 570 imitatus
1170 510 1234 582 est;
1258 523 1331 568 nam
1343 521 1415 569 oum

198 625 346 694 Catullus
369 646 501 692 carmen
524 624 683 694 Graecum
704 627 772 691 fere
796 627 837 692 ad
860 624 992 694 verbum
1015 630 1046 688 at
1069 623 1182 688 eodem
1203 627 1305 688 metro
1329 624 1414 687 151

196 746 403 831 exprimeret,
425 744 580 810 Horatius
600 746 745 810 nativam
768 746 920 830 carminis
943 745 1082 809 formam
1104 761 1238 827 prorsus
1260 741 1414 808 obscura-

197 866 244 930 vit
267 869 299 930 et
319 866 368 930 ita
389 884 448 929 suo
469 864 598 946 ingenio
628 864 822 943 immutavit,
851 855 943 930 utin
970 861 1106 944 singulis
1136 861 1245 927 verbis
1284 863 1415 948 quidem

197 979 374 1049 similitudo
396 982 487 1049 nulla
510 989 690 1069 appareret.
713 984 760 1048 sio
783 985 867 1048 enim
891 981 1112 1054 dulcissimam
1126 980 1217 1045 illam
1236 982 1412 1063 imaginem

196 1103 239 1167 ad
262 1123 355 1168 suum
378 1122 473 1167 usum
496 1104 656 1194 convertit
678 1123 705 1168 1.
729 1102 756 1178 Ι,
781 1105 829 1181 13,
851 1103 872 1168 5
895 1122 938 1168 ss.

349 1263 437 1335 „tum
460 1277 520 1324 neo
541 1277 632 1322 mens
651 1255 729 1320 mihi
753 1275 812 1322 nec
835 1256 924 1322 color

350 1384 439 1442 certa
461 1379 538 1442 sede
560 1381 678 1455 manet,
701 1395 796 1440 umor
817 1380 850 1441 et
871 1377 906 1440 in
928 1395 1027 1458 genas

347 1497 458 1562 furtim
482 1495 613 1575 labitur,
636 1491 781 1576 arguens

349 1636 445 1701 quam
469 1614 566 1681 lentis
589 1615 718 1700 penitus
740 1633 886 1679 macerer
908 1611 1058 1696 ignibus“

193 1773 228 1834 et
250 1789 278 1834 1.
303 1769 408 1850 1v‚·1,
439 1771 536 1836 351
564 1770 621 1835 36:
655 1788 732 1848 „our
749 1769 904 1836 'facunda
933 1789 1051 1854 parum
1074 1770 1191 1834 decoro
1295 1849 1298 1856 Ι

351 1887 460 1967 „inter
482 1887 582 1953 verba
604 1887 693 1954 eadit
714 1888 828 1972 lingua
849 1888 1008 1966 silentio“,

189 2008 241 2090 (iu
265 2007 350 2093 quod
372 2008 438 2072 iam
459 2006 648 2090 Lessingius
671 2014 863 2090 „rettungen
885 2008 1097 2074 des·'Horaz“
1118 2009 1322 2090 agnoverat).
1346 2005 1414 2072 sin-

191 2123 280 2207 gulis
300 2124 408 2192 verbis
426 2127 543 2212 spretis
560 2125 663 2192 solam
677 2125 1139 2212 comparationemtranstulit·
1162 2131 1285 2192 etcum
1296 2125 1414 2211 ubique

195 2241 369 2310 Horatium
390 2244 494 2312 libera
524 2245 582 2310 1111
607 2245 788 2312 imitatione
813 2244 954 2312 Graecos
982 2249 1096 2330 poetas
1128 2242 1315 2330 amplexum
1343 2265 1413 2310 esse

195 2365 349 2443 sciamus,
385 2364 548 2432 Garekius
572 2385 592 2430 a
614 2385 690 2431 vero
722 2363 875 2430 aberrare
908 2365 987 2430 mihi
1000 2447 1002 2452 ι
1017 2365 1145 2430 videtur
1174 2384 1246 2430 uum
1279 2364 1416 2430 adnotat

191 2480 282 2564 (libri
316 2484 370 2569 qui
395 2484 600 2551 inscribitur:
644 2484 679 2563 Q.
711 2484 787 2550 Hor.
817 2483 854 2550 F.
887 2483 1067 2549 carminum
1096 2483 1168 2549 libr.
1198 2481 1213 2548 l
1242 2483 1416 2550 collatione

193 2599 305 2684 script.
338 2599 449 2669 Graec.
472 2602 589 2669 illustr¹
623 2623 656 2688 p.
678 2604 757 2680 42t:
790 2609 888 2682 „ante
922 2599 1031 2668 oculos
1060 2607 1177 2690 poetae
1205 2602 1267 2668 fuit
1299 2604 1333 2669 in
1364 2603 1415 2669 his

191 2716 300 2784 nobile
314 2718 464 2806 Sapphus
488 2742 618 2788 carmen
639 2721 720 2788 illud
740 2721 897 2812 φαίνεταί
914 2702 1004 2798 arla
1027 2739 1224 2808 quamquam
1241 2723 1297 2787 vix
1314 2691 1415 2787 ullam

193 2836 366 2904 verborum
388 2839 631 2907 similitudinem
652 2840 893 2927 deprehendam
917 2841 1003 2926 quod
1018 2840 1173 2906 Horatius
1193 2841 1290 2920 cavit,
1306 2842 1414 2919 oredo,

192 2963 328 3043 propter
351 2957 545 3025 Catullum“.
567 2961 666 3026 immo
688 2981 777 3026 more
800 2980 858 3026 suo
882 2957 1013 3045 Sappho
1037 2965 1176 3044 secutus
1192 2964 1249 3024 est.
1359 3021 1364 3034 ,

277 3081 346 3142 tum
369 3099 395 3144 1,
419 3079 697 3145 62amoebaeum
719 3081 759 3146 de
782 3079 931 3166 Sapphus
962 3077 1169 3164 epithalamio
1193 3078 1335 3165 quodam
1356 3099 1414 3144 ex·

191 3214 341 3280 pressum
363 3217 434 3263 esse
456 3197 496 3262 H.
513 3198 685 3265 Koechlius
709 3201 805 3283 (orat
829 3199 920 3264 acad.
932 3195 1040 3264 Turici
1063 3197 1183 3264 1'8591
1207 3187 1287 3274 1981
1303 3197 1414 3264 multis

132 3373 135 3380 .
190 3313 403 3401 probantibus
427 3318 602 3384 contendit.
626 3325 752 3384 etcum
774 3319 841 3384 iam
863 3323 960 3384 antea
980 3317 1043 3382 viri
1062 3317 1151 3384 docti
1169 3317 1415 3384 similitudinem

192 3435 357 3518 quandam
379 3455 452 3500 oum
474 3436 625 3524 Sapphus
660 3437 854 3524 quibusdam
881 3436 1089 3520 fragmentis¹
1106 3455 1177 3502 esse
1200 3438 1414 3520 agnovissent

190 3552 248 3633 (cf.
278 3551 398 3639 Haupt.
433 3563 558 3640 quaest.
588 3557 658 3624 Cat.
692 3577 724 3644 p.
747 3558 788 3622 81
819 3577 850 3621 s:
887 3575 1027 3641 „poema
1049 3555 1101 3633 62,
1125 3575 1187 3642 quo
1216 3556 1413 3623 nitidissimo

190 3671 336 3737 carmine
360 3671 522 3739 Catullum
545 3675 695 3763 Sapphus
718 3674 930 3764 epithalamia
961 3674 1125 3772 imitatum
1156 3649 1227 3740 esse
1257 3676 1341 3742 scita
1363 3680 1413 3742 est
1505 3741 1507 3744 .

189 3789 295 3857 lsaaoi
315 3790 423 3857 Vossii
447 3796 492 3878 (p.
514 3791 588 3874 189)
611 3797 796 3863 coniectura
803 3821 811 3874 ;
834 3787 964 3860 id‘oum
990 3793 1055 3860 aliu
1075 3792 1243 3880 probabile
1262 3795 1412 3870 reddunt,

191 3911 261 3972 turn
288 3911 430 3976 maxime
459 3915 728 3997 comparationes,
762 3934 899 4002 quarum
932 3933 1052 3996 magna
1084 3918 1133 3977 est
1167 3932 1238 3977 oum
1260 3912 1411 3999 Sapphus

187 4023 381 4108 quibusdam
392 4028 538 4096 versibus
549 4009 774 4117 similitudo“)‚
796 4032 969 4100 Koechlius
992 4038 1082 4100 certa
1106 4017 1296 4098 imitationis
1313 4033 1411 4098 vesti·

186 4143 243 4227 gia
265 4164 366 4231 nuper
388 4145 559 4216 invenisse
574 4145 638 4216 'sibi
655 4153 744 4218 visus
762 4157 833 4228 est3
854 4157 950 4238 putat
972 4150 1189 4236 enimSapph.
1213 4151 1273 4233 frg.
1291 4149 1410 4235 Bergk.

183 4264 264 4354 233:
281 4262 429 4355 ἀστέρων
440 4262 575 4334 πάντων
588 4266 603 4334 ὁ
617 4265 799 4350 κάλλιστος
809 4270 930 4338 Catulli
940 4293 970 4336 v.
987 4271 1044 4338 86;
1067 4269 1233 4355 „Hespere
1250 4271 1305 4355 qui
1321 4269 1410 4339 caelo

182 4380 271 4450 rusa
292 4385 461 4500 iucundipr
482 4389 612 4471 ignium
635 4428 675 4442 -
700 4390 819 4473 suga
842 4390 904 4472 ag.
928 4390 989 4455 oa:
1064 4369 1065 4374 '
