3214 4954
189 1405 421 1544 Temporibus
444 1459 595 1525 exeuntis
618 1455 740 1524 liberae
762 1457 981 1546 Romanorum
1003 1463 1051 1527 rei
1073 1462 1225 1549 publicae
1247 1481 1334 1527 nova
1355 1467 1405 1528 at-

188 1595 249 1663 que
272 1583 383 1644 vetera
403 1577 552 1644 omnibus
570 1579 750 1644 rationibus
772 1579 857 1646 inter
880 1600 914 1646 se
938 1587 1063 1646 certare
1087 1587 1184 1668 atque
1208 1581 1406 1647 contendere

188 1697 344 1764 videmus.
367 1718 444 1763 nam
466 1699 543 1764 dum
565 1697 660 1764 alteri
670 1699 812 1785 priorem
834 1699 976 1766 civitatis
999 1706 1122 1767 statum
1145 1720 1277 1767 servare
1298 1705 1331 1765 et
1354 1719 1405 1764 re-

187 1816 290 1882 tinere
312 1818 455 1891 student,
478 1817 573 1883 alteri
594 1818 830 1905 rempublicam
859 1821 891 1886 vi
913 1819 1108 1908 conturbare
1139 1824 1237 1906 atque
1256 1811 1405 1884 evertere

187 1941 356 2001 conantur.
392 1938 633 2002 coniurationes
662 1938 851 2016 continuae,
881 1938 977 2004 bella'
999 1938 1125 2019 oivilia,
1156 1939 1336 2004 factionum
1371 1937 1407 2002 in

186 2055 258 2139 ipso
289 2055 360 2120 foro
390 2055 515 2139 proelia
544 2057 638 2122 finem
669 2056 830 2123 libertatis
863 2079 963 2144 prope
999 2058 1114 2124 abesse
1151 2056 1404 2144 prudentissimo

188 2173 303 2259 cuique
325 2175 531 2261 portendunt.
557 2179 655 2261 atque
675 2176 775 2242 sicuti
796 2178 830 2241 in
852 2175 948 2242 rebus
971 2176 1111 2263 publicis
1135 2197 1190 2242 eos
1226 2177 1281 2261 qui
1303 2177 1406 2241 mori-

187 2292 247 2358 bus
286 2300 318 2359 et
348 2295 507 2360 institutis
539 2297 700 2361 maiorum
736 2296 903 2361 servandis
934 2317 1065 2382 operam
1097 2295 1221 2361 dabant
1248 2315 1406 2360 noverum

186 2433 295 2478 rerum
317 2416 452 2500 cupidos
474 2415 631 2480 acerrime
655 2435 842 2501 oppugnare
864 2417 1028 2492 videmus,
1052 2417 1152 2482 etiam
1173 2416 1207 2480 in
1236 2413 1348 2496 lingua
1371 2421 1403 2479 et

186 2533 220 2596 in
241 2532 360 2599 litteris
382 2542 494 2600 vetera
529 2536 699 2614 damnari,
728 2555 813 2601 nova
842 2538 934 2602 nasei
966 2537 1122 2601 videmus.
1169 2535 1282 2599 eodem
1318 2534 1404 2598 enim

186 2657 341 2737 tempore,
364 2673 426 2737 quo
449 2632 620 2721 Lueretius
650 2660 746 2740 atque
780 2655 891 2721 Cicero
920 2657 1039 2720 veteris
1073 2653 1231 2720 sermonis
1262 2651 1423 2718 colorem

186 2772 306 2836 imitati
328 2774 473 2838 earmina
495 2775 766 2858 conscripserunt,
786 2779 901 2859 poetae
925 2774 978 2858 qui
993 2775 1031 2837 ὀἱ
1055 2770 1208 2860 νεώτεροι
1242 2776 1404 2837 vorantur

185 2891 303 2976 ubique
325 2911 445 2956 novam
468 2893 555 2956 viam
577 2894 715 2974 ingredi,
738 2891 858 2977 ubique
879 2898 1021 2957 veterem
1044 2893 1172 2958 dicendi
1189 2890 1401 2957 'eonsuetudi-

185 3032 259 3076 nem
283 3016 410 3090 mutare
434 3018 617 3096 coeperunt.
641 3017 718 3077 tuno
742 3012 1033 3096 optimiauiusque
1064 3016 1136 3077 erat
1168 3017 1283 3097 poetas
1317 3010 1403 3076 anti-

185 3149 265 3214 quos
289 3132 422 3196 summis
445 3131 597 3196 laudibus
620 3129 743 3210 efferre,
766 3150 867 3196 novos
890 3132 1056 3216 despicere
1072 3136 1168 3217 atque
1187 3134 1402 3206 contemnere

184 3259 253 3314 tum
275 3249 396 3328 Gioero,
419 3257 455 3315 ut
477 3252 526 3314 vir
550 3250 662 3328 bonno,
685 3255 810 3316 veteres
833 3249 1051 3317 Romanorum
1064 3252 1240 3336 scriptores
1256 3247 1401 3314 celebra-

184 3369 246 3444 vit,
277 3362 355 3445 τοὺς
385 3368 563 3456 νεωτέρους
595 3368 714 3457 ubique
747 3370 870 3456 carpsit
903 3377 1000 3454 atque
1031 3369 1156 3436 derisit.
1189 3370 1273 3436 duae
1304 3368 1404 3450 igitur

184 3492 355 3571 poetarum
376 3487 522 3560 sobolae,
552 3496 589 3554 ut
619 3490 666 3554 ita
688 3490 817 3567 dicam,
850 3488 974 3555 ultimis
1006 3488 1072 3555 illis
1101 3489 1249 3555 exeuntis
1278 3486 1400 3553 liberae

183 3605 403 3692 reipublicae
426 3609 589 3674 decenniis
611 3609 696 3674 inter
718 3629 752 3674 se
776 3615 920 3674 certant:
946 3629 1081 3695 quornm
1104 3627 1177 3673 oum
1201 3607 1295 3673 alteri
1315 3605 1400 3671 anti·

181 3746 262 3813 quos
292 3730 407 3813 poetas
437 3729 539 3792 seeuti
568 3727 715 3794 obsoleta
743 3729 852 3814 poesis
881 3732 1058 3813 praecepta
1089 3732 1159 3793 arte
1188 3746 1318 3792 servare
1349 3723 1400 3788 vel

182 3847 353 3912 restituere
376 3846 561 3920 studerent,
590 3847 683 3914 alteri
708 3853 830 3914 veteres
853 3853 968 3934 poetas
999 3845 1162 3912 Romanos
1196 3865 1261 3912 non
1293 3845 1401 3924 magni

183 3965 392 4031 aestimantes
416 3985 535 4031 novam
556 3965 700 4032 sobolom
724 3967 938 4033 condiderunt
959 3967 1071 4052 itaque
1099 3964 1143 4030 ab
1170 3965 1398 4030 ebore-tator-

182 4083 242 4150 bus
264 4090 402 4168 „poetae
424 4085 522 4150 novi“
545 4085 705 4150 nominati
733 4092 820 4151 sunt.
854 4105 990 4171 quorum
1019 4091 1190 4171 poetarum
1220 4085 1398 4171 prinoipem

180 4204 281 4270 fuisse
305 4203 466 4268 Catullum
488 4205 573 4270 inter
596 4224 707 4270 omnes
731 4213 918 4270 constat.-

266 4321 410 4389 Oatullus
432 4325 555 4408 primus
579 4344 711 4404 gravem
735 4332 832 4410 atque
861 4326 975 4390 rudem
988 4325 1078 4390 illam
1102 4325 1244 4407 priorum
1254 4320 1401 4403 linguam

181 4443 406 4528 spernendam,
441 4443 736 4510 Alexandrinorum
759 4445 961 4528 potissimum
994 4448 1164 4529 poetarum
1199 4446 1301 4507 artem
1330 4439 1403 4506 imi-
