3214 4954
648 306 938 370 κῃ*

186 476 309 542 tradita
329 483 413 554 snut,
438 495 632 570 quanquam
646 475 788 556 Homeri,
811 447 997 545 Archilochi
1006 499 1019 551 ‚¹
1045 480 1228 568 Euripidis
1263 483 1401 550 Demos-

185 595 291 662 thenis
314 595 413 658 verha
434 596 463 658 ei
486 614 710 681 nonnusquam
732 602 806 662 ante
829 597 941 663 oculos
963 599 1064 666 fuisse
1087 601 1246 682 videntur,
1281 605 1402 670 certius

187 715 317 780 definire
339 733 403 778 non
425 732 607 797 possumus.
747 781 750 790 ,

189 871 193 882 ·
267 831 336 896 lam
357 836 531 918 postquam
561 851 719 917 quaenam
741 834 951 920 *exemplaria
978 835 1126 904 'Catullus
1155 847 1284 906 secutus
1314 847 1402 907 esset

184 952 488 1030 demonstravimus,
506 952 657 1036 'seqnitur
678 959 714 1018 ut
737 972 877 1038 quonam
901 956 998 1021 modo
1022 977 1061 1022 ea
1082 959 1227 1024 imitatus
1250 960 1312 1038 sit,
1341 981 1399 1025 ex-

184 1071 311 1157 plorare
334 1072 532 1136 studeamus
578 1091 641 1156 qua
658 1073 707 1136 vin
739 1092 773 1136 re
802 1074 1065 1156 distinguendum
1094 1083 1144 1143 est
1174 1078 1261 1144 inter
1290 1080 1399 1145 imita-

183 1192 305 1257 tionem
327 1189 502 1268 Graecam,
526 1210 662 1275 quares
686 1197 718 1257 et
740 1194 916 1258 sententias
939 1194 978 1259 de
1008 1193 1131 1260 Graeco
1162 1197 1252 1263 fonte
1284 1199 1399 1264 ductas

182 1310 435 1396 complectimur,
480 1314 513 1374 ct
533 1310 617 1374 inter
640 1309 845 1376 Graecismos
875 1332 938 1397 quo
970 1315 1099 1380 nomine
1129 1316 1260 1381 omnino
1292 1318 1400 1383 elocu-

182 1433 303 1498 tionem
326 1429 574 1506 Graecanicam,
609 1450 691 1515 quae
725 1434 969 1514 grammaticam
1002 1440 1035 1500 et
1072 1434 1266 1500 rhetoricam
1305 1436 1401 1502 huius

182 1550 422 1619 dissertationis
444 1556 572 1634 partem
595 1551 747 1628 continet,
771 1551 925 1637 amplecti
947 1553 1025 1618 mihi
1048 1553 1155 1620 liceat.

267 1690 306 1736 ac
327 1671 467 1755 primum
491 1669 620 1755 quidem
642 1669 736 1735 nohis
759 1672 798 1735 de
827 1673 1009 1738 imitatione
1042 1671 1168 1738 Graeca
1200 1673 1401 1759 expositoris

181 1791 402 1873 indagandum
424 1795 483 1868 est,
507 1809 666 1876 quaenam
689 1793 834 1856 carmina
857 1790 984 1858 Graeca
1013 1791 1161 1859 Catullus
1189 1794 1232 1860 ad
1265 1791 1399 1860 verbum

181 1911 387 1995 expresserit.
434 1911 523 1974 cuius
548 1911 696 1992 integrae
718 1911 912 1976 imitationis
938 1910 1083 1977 Graecae
1112 1911 1263 1998 exempla
1297 1913 1399 1978 raris-

174 2030 263 2124 ,sima
284 2030 318 2093 in
339 2030 497 2114 poematis
521 2023 588 2095 eius
611 2019 732 2094 entant.
779 2037 865 2096 certe
887 2031 983 2116 plura
1011 2023 1186 2114 agnoscere
1215 2031 1348 2112 liceret,
1371 2032 1400 2096 si

179 2147 477 2214 Alexandrinorum
500 2153 531 2212 et
554 2147 702 2233 Sapphus
737 2150 881 2214 carmina
914 2149 1018 2234 lyrica
1051 2158 1182 2216 nostrae
1220 2151 1398 2216 memoriae

179 2268 303 2333 tradita
325 2272 441 2332 essent·
488 2267 546 2332 sed
576 2286 649 2332 curn
678 2267 832 2354 pleraque
868 2271 1037 2356 iniquitate
1070 2275 1252 2354 temporum
1289 2267 1397 2333 deleta

158 2392 255 2466 siut,
278 2387 312 2451 in
334 2405 462 2450 summa
481 2392 666 2472 poematum
690 2386 880 2453 melicorum
903 2391 1032 2454 iactura
1054 2389 1116 2453 duc
1148 2387 1201 2454 vel
1230 2388 1295 2452 tria
1322 2392 1396 2452 tan-

180 2513 249 2572 tum
272 2514 362 2572 certa
382 2505 496 2591 plenae
518 2506 708 2572 imitationis
732 2506 881 2594 exempla
899 2509 1003 2594 'apud
1032 2506 1194 2574 Catullum
1229 2507 1398 2572 inveniun-

180 2633 242 2704 tur,
266 2645 443 2710 quaecum
466 2625 662 2690 carminibus
685 2624 818 2692 Graecis
841 2648 1031 2713 comparare
1053 2627 1227 2713 possimus.
1261 2647 1398 2711 quorum

180 2746 318 2830 primum
343 2765 383 2810 ex
405 2743 554 2830 Sapphus
577 2746 689 2810 odario
723 2746 808 2830 quod
841 2747 976 2832 incipit:
1015 2745 1176 2828 φαίνεταί
1208 2771 1265 2836 μοι
1302 2748 1398 2828 aquus

182 2861 247 2942 ἴσος
267 2866 395 2930 θεοῖσιν
420 2861 521 2953 ἔμμεν
546 2859 630 2952 α’)’νηρ
654 2859 745 2944 ὅστις
769 2862 845 2929 κτλ.

265 2985 341 3070 (frg.
371 2987 392 3050 2
423 2985 624 3050 Schneidew.
648 2985 688 3049 cl.
711 2984 871 3051 Theocrit.
903 2985 946 3049 id.
978 2987 1009 3057 2,
1034 2985 1094 3050 105
1116 2983 1176 3070 ss.)
1207 3003 1397 3070 expressum

181 3125 253 3170 esse
289 3109 428 3169 constat.
478 3104 707 3168 suavissimum
743 3103 825 3170 illud
866 3124 983 3190 poema
1019 3104 1161 3168 carmine
1195 3103 1235 3167 51
1262 3101 1398 3168 verbum

180 3221 278 3288 verbo
313 3229 346 3288 et
384 3224 494 3288 eodem
526 3230 628 3287 metro
663 3223 801 3288 reddens
831 3226 866 3289 in
895 3222 1040 3306 linguam
1068 3222 1219 3287 Latinam
1252 3221 1400 3288 Catullus

180 3341 358 3407 transtulit.
383 3348 525 3408 ceterum
549 3347 664 3406 utrum
678 3341 779 3407 verba
801 3343 877 3408 illa:
901 3319 1032 3420 „otium
1057 3340 1192 3419 Catulla,
1216 3340 1398 3407 tibi'mole-

180 3465 319 3526 stumst“
357 3480 400 3526 ss.
438 3466 535 3546 poeta
572 3461 767 3528 Veronensis
803 3461 939 3548 'Sappho
974 3461 1121 3526 imitatus
1165 3461 1397 3546 conscripserit

179 3579 420 3664 (Lachmannus
443 3600 485 3645 ca
507 3600 527 3644 a
549 3580 721 3666 Sapphicis
745 3578 835 3643 ἀλλὰ
860 3585 925 3644 πᾶν
949 3575 1125 3669 τολματόν
1148 3599 1304 3666 expressa
1326 3597 1397 3644 esse

179 3703 299 3785 putat),
324 3719 367 3764 an
389 3700 429 3764 dc
452 3719 510 3764 suo
533 3699 662 3781 ingenio
686 3700 858 3779 addiderit,
880 3699 976 3764 hodie
998 3699 1138 3784 quidem,
1168 3720 1241 3765 cum
1264 3716 1396 3763 carmen

179 3819 338 3884 Graecum
362 3839 427 3884 non
450 3821 612 3901 integrum
634 3819 728 3884 nobis
761 3821 917 3885 traditum
940 3819 993 3894 sit,
1026 3819 1204 3885 diiudicare
1233 3836 1298 3881 non
1312 3834 1396 3900 ¹pos·

178 3960 301 4006 sumus.
327 3945 416 4005 certe
436 3937 599 4004 Catullum
621 3957 655 4004 se
678 3939 783 4023 ipsum
807 3939 991 4003 nominasse
1014 3944 1047 4004 et
1069 3938 1163 4024 quasi
1182 3935 1317 4001 carmini
1334 3935 1397 4000 im·
1455 4001 1458 4004 .

177 4060 347 4126 miscuisse
369 4058 471 4144 priori
501 4057 645 4142 opinioni
673 4077 851 4143 repugnare
874 4056 962 4122 nullo
986 4058 1082 4124 modo
1104 4060 1221 4141 potest.
1253 4073 1394 4140 namque

179 4181 291 4243 eodem
315 4178 424 4243 modo*
446 4199 474 4240 v.
501 4177 519 4240 'l
542 4175 738 4255 „Lesbiam‘
763 4178 1039 4243 commemoravit.
1074 4179 1228 4241 ceterum
1250 4171 1398 4261 equidem

177 4317 241 4361 non
265 4299 368 4376 video,
393 4317 449 4361 cur
464 4285 577 4361 versus
599 4294 648 4360 illi
670 4294 711 4361 ab
734 4296 795 4361 hoc
817 4297 959 4361 carmine
981 4294 1155 4379 separandi
1178 4294 1252 4360 sint.
1276 4293 1420 4379 optime·

180 4417 264 4481 enim
289 4417 468 4482 sententiae
490 4419 591 4481 totius
615 4416 774 4500 poematis
797 4416 881 4480 inter
904 4435 939 4479 se
962 4421 1142 4496 congruunt
1165 4421 1260 4500 atque
1283 4411 1399 4477 cohae-
