3214 4954
572 279 985 368 '-11-

210 479 296 550 mino
317 484 487 564 poetarum
510 479 678 548 doctorum
703 477 753 544 vel
775 485 965 559 „cautorum
982 479 1219 564 Euphorionis“
1242 479 1336 546 inriti
1351 487 1428 548 suut

210 597 319 678 (Tusa
342 596 396 680 Ill,
422 599 470 674 19,
492 597 559 682 45).
583 602 615 664 et
645 597 792 665 Catullus
823 598 952 684 quidem
985 598 1219 669 Callimachum
1247 599 1428 685 principem

208 718 450 783 Alexandrinae
474 716 604 782 scholae
626 723 758 803 poetam
780 718 928 802 inprimis
951 719 1144 788 imitandum
1173 719 1236 786 sibi
1270 719 1426 804 sumpsit3

210 838 302 904 cuius
324 839 481 922 „exiguos
506 836 634 919 elegos‘
659 837 710 922 (ut
728 838 781 910 ait
795 836 873 906 Hor.
897 857 926 905 a.
950 857 983 924 p.
1007 839 1061 924 ΙΙ)
1085 859 1158 906 eum
1172 839 1288 910 Latine
1310 840 1426 906 redde·

210 963 271 1033 ret,
295 956 384 1024 bravi
406 964 551 1042 tempore
573 963 698 1026 tautam
722 957 860 1040 gloriam
882 958 969 1044 apud
1000 957 1156 1043 aequales
1190 958 1253 1034 sibi
1285 963 1427 1044 paravit,

210 1083 246 1142 ut
267 1078 411 1142 fautores
433 1082 466 1142 et
488 1050 584 1144 amici
606 1097 683 1144 mox
706 1097 884 1162 „expressa
906 1079 1052 1146 carmina
1080 1077 1276 1148 Battiadae‘
1309 1087 1351 1160 (c.
1373 1081 1426 1156 65,

212 1198 262 1276 16;
287 1199 365 1272 116,
393 1199 431 1278 2)
466 1195 528 1261 sibi
557 1203 755 1281 expeterent.
801 1197 911 1283 itaque
941 1196 1060 1268 Catulli
1100 1196 1246 1276 carmina
1275 1218 1348 1270 cum
1384 1201 1427 1270 ab

209 1317 441 1390 Alexandrinis
464 1319 617 1402 pendent.
639 1322 709 1384 tum
731 1301 873 1384 maxime
894 1319 1085 1388 imitationis
1104 1317 1336 1388 Callimachiae
1358 1319 1426 1406 ple-

209 1457 253 1505 na
275 1443 360 1506 sunt.
391 1439 536 1508 eiusdem
558 1437 674 1522 poetae
706 1439 861 1508 iudicium
891 1440 930 1504 de
960 1439 1103 1518 ,tumido
1132 1439 1351 1516 Antimacbo“
1384 1445 1426 1516 sc.
1550 1501 1553 1506 .

206 1557 250 1622 95
273 1556 302 1632 h,
324 1560 359 1637 2)
383 1557 545 1628 Catullum
567 1557 752 1644 amplexum
775 1577 845 1624 esse
868 1565 955 1624 recte
979 1557 1142 1626 Diltheius
1172 1557 1247 1628 libri
1270 1561 1427 1644 quamde

207 1677 399 1748 Callimachi
433 1677 581 1762 Cydippe
610 1679 743 1762 scripsit
771 1699 802 1763 p.
840 1678 880 1744 19
914 1677 1098 1757 contendit;
1127 1680 1206 1747 itam
1237 1679 1427 1756 Callimachi
1487 1737 1490 1744 .

208 1797 377 1868 brevitatis
412 1804 623 1883 praeceptum
661 1805 789 1868 secatus
827 1803 886 1864 est.
934 1799 988 1882 qui
1017 1817 1090 1864 cum
1124 1815 1245 1879 magua
1276 1797 1334 1867 illa
1364 1795 1425 1884 inq

207 1924 425 1992 aversaretur,
447 1918 558 2002 itaque
582 1916 713 1986 Homeri
735 1918 849 2001 poesin
871 1937 936 1982 non
957 1918 1068 2000 magni
1090 1918 1219 1988 faceret
1243 1919 1299 1996 (cf.
1323 1917 1426 1986 Dilth.

209 2038 264 2106 cit.
287 2037 358 2104 loco
380 2035 498 2120 initio),
521 2037 640 2118 exigua
664 2037 719 2104 illa
743 2037 889 2104 cacumina
911 2039 1073 2106 amatoria
1096 2039 1191 2124 quasi
1219 2037 1345 2104 invenit
1375 2044 1435 2136 at·

210 2176 273 2241 que
294 2156 401 2238 elegos
424 2163 457 2227 et
479 2157 718 2242 epigrammata
739 2175 819 2240 prae
840 2154 970 2224 heroico
999 2159 1108 2244 poesis
1136 2133 1253 2239 genere
1272 2156 1427 2228 Romanis

209 2277 456 2348 commendavit.
501 2275 659 2359 glorietur
681 2296 722 2346 ue
746 2295 842 2342 uuum
865 2275 995 2359 quidem
1017 2280 1209 2364 perpetuum
1231 2295 1363 2348 carmen
1391 2297 1428 2348 aa

209 2398 406 2468 confecisse:
609 2379 612 2384 λ

295 2508 365 2603 οὐχ
401 2514 433 2580 ἓν
466 2513 591 2606 ἄεισμα
632 2515 773 2603 διηνεκὲς
809 2493 914 2603 Zacca
953 2517 1015 2600 frg.
1053 2517 1136 2596 287,
1171 2517 1303 2606 θῒιΐΐς.
1345 2519 1426 2586 165:

210 2633 287 2723 μηδ’
309 2637 366 2701 ἀπ’
391 2635 468 2728 ἐμεῦ
491 2638 615 2722 driadas
634 2637 722 2729 μέγα
746 2637 951 2723 Cottiaeque
976 2635 1101 2721 quidqu·
1148 2658 1291 2723 quocum
1314 2639 1425 2706 confe-

209 2779 263 2824 ras
286 2759 355 2826 Cat
380 2779 407 2825 c.
431 2755 506 2825 95¹¹:
607 2775 610 2782 ’

293 2899 417 2965 „parva
438 2878 502 2944 mci
524 2879 602 2944 mihi
625 2880 691 2944 sint
713 2879 803 2946 cordi
824 2883 1035 2950 monumenta
1057 2876 1213 2948 sodalis“.
1258 2879 1425 2963 vituperat

207 2997 416 3068 Hortensium
440 3000 516 3085 quia
537 2997 641 3068 millia
662 3000 840 3084 quingenta
870 3017 1022 3068 uersuum
1053 3017 1116 3066 uno
1150 2998 1184 3066 in
1216 2999 1298 3082 pede
1334 3004 1425 3063 stans
1473 3085 1475 3089 ι

207 3119 410 3186 conscribere
433 3119 560 3193 soleat,
587 3119 628 3184 es.
653 3138 680 3188 c.
703 3120 755 3197 22,
778 3119 818 3190 3:
864 3116 980 3199 „longa
1002 3116 1159 3203 plurimos
1188 3117 1270 3184 facit
1300 3136 1424 3188 versus.

207 3243 286 3324 puto
309 3259 379 3306 esse
401 3261 460 3321 ego
482 3239 532 3308 illi
554 3238 658 3306 millia
679 3246 737 3306 aut
759 3240 870 3308 decem
893 3242 950 3306 aut
970 3237 1066 3324 plura
1088 3238 1301 3323 perscripta“.

296 3356 418 3428 Contra
438 3360 632 3426 imitationis
653 3364 800 3426 veterum
822 3357 1019 3428 Graecorum
1052 3363 1222 3442 poetarum
1256 3357 1426 3428 rarissima

207 3477 347 3562 vestigia
367 3477 401 3541 in
422 3477 542 3544 Catulli
563 3479 723 3565 poematis
746 3483 870 3545 extant.
894 3476 964 3544 acle
985 3475 1135 3562 Sapphus
1159 3476 1305 3546 carmina
1323 3474 1425 3562 pluri·

206 3597 252 3660 mi
292 3595 483 3663 aestimasse
518 3618 591 3664 eum
626 3597 738 3664 multis
774 3597 973 3679 argumentis
1012 3595 1145 3681 probari
1186 3601 1302 3680 potest.
1348 3615 1425 3666 nam

174 3736 271 3782 ‚non
292 3714 397 3780 solum
429 3718 571 3784 carmine
605 3719 645 3784 51
679 3717 815 3786 Lesbiae
848 3717 993 3801 poetriae
1025 3715 1171 3784 odarium
1205 3715 1238 3779 in
1272 3715 1424 3788 Latinum

206 3835 366 3900 convertit
389 3840 421 3898 et
442 3854 470 3899 c.
493 3836 535 3898 62
558 3856 689 3904 carmen
709 3836 798 3904 illius
820 3835 965 3922 nuptiale
987 3836 1133 3905 imitatus
1156 3839 1221 3911 est,
1246 3834 1303 3902 sed
1325 3835 1423 3906 aliam

207 3972 234 4016 c.
257 3955 317 4032 35,
342 3954 381 4018 16
406 3953 544 4020 amicam
568 3954 699 4024 Caecilii
730 3956 914 4042 „Sapphica
937 3975 1032 4026 musa
1053 3954 1250 4026 doctiorem‘
1279 3952 1423 4039 appella-

207 4072 255 4136 vit
276 4093 431 4158 suumque
454 4071 595 4158 puellam
618 4075 691 4140 licto
722 4075 899 4154 ,‚Lesbiae“
931 4076 1060 4143 nomine
1089 4073 1275 4143 celebravit.
1320 4091 1424 4158 neque

206 4192 237 4256 ei
260 4191 435 4262 Simonidis
457 4196 603 4262 carmina
623 4196 738 4279 ignota
759 4196 860 4263 tuisse
883 4219 924 4264 ex
953 4195 1060 4264 verbis
1083 4215 1110 4265 c.
1132 4195 1184 4274 38,
1208 4195 1246 4264 8:
1266 4195 1424 4264 maestius

206 4310 350 4378 lacrimis
378 4314 596 4381 Simonideis“
636 4315 787 4398 colligere
822 4315 908 4382 licet.
952 4331 1045 4382 num·
1063 4311 1163 4384 etiam
1194 4311 1277 4384 elios
1309 4320 1423 4400 poetas

205 4429 350 4498 Graecos
380 4436 578 4520 antiquiores
600 4437 747 4504 imitatus
779 4439 823 4504 sit
853 4459 894 4504 ex
927 4437 973 4502 ais
1005 4433 1181 4521 poematia,
1215 4453 1297 4519 quae
1329 4432 1422 4504 uehis
