3214 4954
683 312 848 374 ..15
941 351 975 360 -.

230 483 269 551 de
295 507 386 572 pomo
411 483 541 550 licontii
571 493 603 549 et
624 485 664 548 de
686 485 869 551 imitatione
885 483 1095 550 Callimaclria
1119 488 1315 568 cogitemus}
1338 509 1439 573 neque

231 605 422 672 contendere
446 603 585 670 debebat
608 602 767 670 Diltheius
802 606 835 668 iu
868 605 978 669 codice
1001 607 1175 691 archetypo
1197 607 1282 671 inter
1305 629 1333 672 v.
1354 610 1390 674 18
1408 621 1440 673 et

232 726 272 789 19
306 741 401 788 unam
431 723 635 788 intercidisse
672 723 821 788 foliorum
851 739 1052 808 compagem.
1089 725 1138 790 bis
1171 728 1253 792 enin
1287 729 1437 792 remediis

230 843 337 906 omnia
359 843 511 927 perficere
544 861 724 927 possumus.
767 842 832 906 iarn
868 843 895 906 si
919 843 1065 926 quaeris,
1096 863 1151 909 eur
1180 847 1308 910 tandem
1341 845 1438 910 Ross-

230 959 363 1025 bachius
387 961 492 1045 etqui
523 979 595 1026 eum
617 961 719 1024 secuti
749 966 832 1038 sunt,
863 959 921 1024 boc
954 960 1024 1024 loco
1048 962 1261 1044 fragmentum
1287 964 1435 1032 Callima·

230 1077 337 1143 chium
361 1098 534 1162 agnoscere
557 1076 747 1156 studuerint,
769 1078 958 1144 facillimum
991 1087 1041 1145 est
1064 1101 1213 1149 caussam
1238 1086 1437 1150 coniecturae

229 1196 318 1261 illius
350 1195 481 1264 afferre:
512 1199 699 1278 „carmina“
741 1199 824 1262 euim
863 1219 1017 1290 expressa
1045 1195 1223 1267 Battiadae'
1251 1205 1440 1290 promiserat

225 1315 394 1397 ¹Catullus3
431 1339 529 1384 unum
552 1323 643 1383 extat
666 1336 693 1381 c.
717 1317 767 1381 66.
793 1319 847 1381 sed
871 1317 1030 1382 reminisci
1055 1316 1217 1386 debebant
1239 1325 1300 1387 viri
1322 1323 1438 1387 doctis-

230 1435 306 1500 simi
329 1453 437 1502 eorum
460 1455 542 1522 quae
565 1429 800 1502 Valckenarius
824 1437 941 1515 docuit,
965 1435 1122 1504 Catullum
1148 1438 1189 1500 ad
1210 1439 1357 1506 Ortalum
1381 1440 1439 1505 boc

232 1563 361 1620 unicum
383 1555 511 1643 misisse
533 1575 664 1622 carmen
687 1555 773 1639 quod
796 1560 886 1620 extat
909 1556 948 1620 de
971 1575 1063 1620 coma
1084 1554 1264 1635 Berenices,
1289 1568 1324 1624 ut
1347 1581 1440 1637 „car-

232 1676 339 1739 mina“
368 1675 455 1759 apud
490 1674 650 1741 Catullum
681 1675 899 1756 significarent
923 1681 1086 1752 „versus“.
1119 1675 1254 1741 contulit
1276 1677 1440 1760 Bru-egge·

231 1811 369 1858 manuus
391 1813 421 1878 p.
447 1795 488 1858 29
515 1795 596 1873 ·(,‚de
619 1793 653 1860 C.
679 1793 745 1858 Vel.
772 1794 839 1858 Cat.
865 1793 969 1874 elegia
992 1791 1242 1876 Callimaehea‘b
1276 1795 1366 1860 Ovid.
1392 1815 1439 1881 sp,

231 1909 300 1976 XV.
318 1914 349 1977 5.
370 1930 464 1996 quem
496 1912 603 1978 locum
627 1911 786 1978 Gesnerus
819 1931 845 1976 s.
870 1933 898 1976 v.
922 1929 1054 1976 carmen
1083 1919 1171 1978 recte
1204 1913 1344 1998 explicat
1368 1931 1439 1979 cum

227 2031 325 2102 dicit:
345 2031 489 2096 carmina
512 2032 600 2110 „duo
617 2049 765 2096 versuum
784 2045 915 2112 genera,
930 2049 1012 2116 quae
1028 2032 1166 2096 invicem
1182 2039 1214 2097 et
1234 2033 1365 2098 alternis
1381 2032 1442 2096 sibi

232 2150 429 2228 sueceduut;
460 2150 507 2214 sic
528 2156 686 2216 vocantur
716 2149 830 2232 elegi.“
866 2151 1032 2232 recordari
1064 2169 1159 2236 porro
1191 2152 1351 2216 debebant
1385 2153 1444 2214 siri

233 2266 422 2351 doctissimi,
445 2289 509 2333 non
525 2270 633 2335 omnia
656 2253 774 2336 Catulli
798 2271 941 2335 earmina
969 2267 1062 2334 nobis
1092 2270 1212 2333 tradita
1243 2287 1328 2344 esse;
1365 2275 1444 2351 quot

231 2385 422 2451 imitationis
446 2388 595 2472 exempla
617 2389 844 2464 inveniremus,
863 2389 893 2453 si
912 2387 1104 2454 'Callimachi
1125 2386 1246 2468 elegiae
1269 2386 1363 2451 hodie
1386 2406 1442 2450 ex-

233 2511 348 2570 arans.
373 2505 444 2590 quis
467 2505 552 2570 enm
573 2507 705 2590 negans
729 2529 753 2572 ο.
768 2509 812 2594 oa
831 2505 950 2574 catara
967 2505 1155 2571 oaurmaen
1177 2507 1313 2590 proaem
1336 2485 1444 2572 imas-

232 2625 373 2690 tionem?
404 2625 462 2689 sed
484 2625 555 2710 quis
578 2627 708 2691 taudem
730 2627 836 2692 inhac
850 2632 942 2692 tauta
963 2624 1170 2710 reliquiarum
1188 2625 1334 2690 exilitate
1358 2636 1447 2690 certa

233 2743 395 2809 affirmare
418 2749 572 2836 conetur?
609 2753 685 2832 quot
707 2747 850 2828 integras
873 2743 1060 2811 Callimachi
1082 2745 1281 2810 imitationes
1312 2743 1442 2807 habere-

233 2869 319 2926 mus!
356 2862 412 2928 ubi
435 2863 518 2928 enim
549 2871 662 2929 extant
684 2867 909 2930 conirersioues
933 2865 1017 2942 illae,
1051 2862 1167 2948 quibus
1190 2861 1333 2928 Catullus
1364 2862 1441 2924 ami·

235 3001 307 3046 cum
321 2982 439 3048 iratum
456 2981 517 3048 sibi
529 2982 701 3048 conciliare
715 2985 838 3049 studuit
857 2991 901 3060 (c.
925 2985 1001 3059 116;
1015 2983 1180 3060 ,carmina
1192 2981 1397 3062 Batti-adae‘)
1414 2986 1446 3044 et

232 3099 350 3184 ‘quibus
372 3106 498 3166 tautam
520 3099 606 3187 apud
631 3103 781 3187 aequales
804 3103 940 3184 gloriam
963 3107 1152 3166 sorrsecutus
1175 3107 1233 3175 est,
1257 3099 1334 3176 th
1361 3098 1443 3163 Hor·

232 3220 357 3284 tensius
380 3218 524 3298 Oebalus,
547 3235 691 3287 summus
720 3221 805 3286 illius
829 3223 946 3287 astatis
971 3229 1089 3296 orator,
1114 3217 1445 3304 „expressacar-miua

219 3337 428 3404 'Battiadae‘
450 3338 512 3405 sibi
535 3347 699 3425 expeteret
727 3341 781 3425 (ef.
806 3355 832 3406 c.
857 3343 929 3413 ean
961 3343 1046 3406 idem
1077 3345 1212 3424 apparot
1241 3361 1279 3404 ex
1304 3357 1330 3401 c.
1353 3331 1395 3400 68
1424 3355 1443 3398 a

232 3477 297 3542 rquo
312 3457 444 3536 Manlio,
467 3460 521 3545 qui
542 3478 599 3545 per
622 3459 793 3548 epistolam
803 3460 963 3526 Catullum
988 3465 1167 3542 rogaverat,
1191 3463 1226 3521 ut
1248 3455 1446 3521 carminibus

234 3577 393 3642 efflictum
416 3553 489 3643 eius
506 3581 648 3644 animum
670 3585 840 3650 recrearet.
875 3597 908 3642 se
930 3579 1036 3662 ipsum
1059 3578 1250 3660 gravissimo
1274 3576 1312 3640 de
1335 3573 1446 3639 fratris

238 3702 340 3761 morte
365 3696 476 3764 dolore
509 3706 701 3764 commotum
733 3697 974 3762 conscribendis
1004 3697 1202 3762 carminibus
1226 3694 1319 3780 plane
1342 3696 1444 3777 impa-

238 3831 399 3882 ramesse
421 3818 602 3902 respondet.
646 3817 802 3884 Manlium
830 3817 914 3881 enim
938 3817 1083 3880 carmina
1105 3838 1120 3880 e
1138 3813 1269 3880 Graecis
1291 3827 1448 3897 expressa

240 3934 425 4022 poposcisse
448 3931 499 4000 vel
517 3955 556 4001 ex
579 3935 686 4000 verbis
708 3935 772 4000 illis
796 3946 837 4015 (v.
859 3936 912 4014 10)
937 3953 1091 4012 „munera
1113 3933 1299 4000 illusarum‘
1322 3931 1447 3998 clusere

239 4053 318 4120 mibi
339 4053 466 4118 videtur
474 4079 482 4132 ;
504 4055 615 4119 eadam
640 4055 763 4120 ratione
786 4073 810 4120 c.
823 4055 908 4133 65‚3
928 4053 1117 4134 „Musarum
1139 4052 1248 4116 fetus“
1264 4073 1294 4114 v.
1309 4053 1348 4115 16
1370 4069 1445 4128 „cx⁶

240 4174 359 4258 pressis
384 4172 579 4238 carminibus
604 4172 794 4240 battiadae“
815 4179 912 4261 poeta
934 4176 1005 4261 ipse
1031 4174 1263 4256 interpretatus
1286 4177 1345 4248 est,
1371 4185 1445 4234 cum

241 4291 431 4357 brevissima
452 4291 509 4358 illa
532 4293 676 4358 carmina
697 4296 857 4360 amatoria
886 4301 1031 4375 „nugcs‘
1056 4311 1098 4366 (c.
1119 4292 1145 4368 1,
1162 4291 1208 4370 4),
1231 4285 1449 4367 „versiculos-

238 4419 281 4491 (υ.
307 4410 356 4489 lo,
377 4411 398 4473 3
420 4417 453 4475 et
473 4413 518 4488 6),
542 4411 702 4496 ineptias*
726 4417 766 4490 (c.
793 4412 843 4475 lb
847 4430 859 4492 )
881 4409 1117 4476 modestissime
1138 4406 1323 4492 appellaret
1357 4425 1450 4492 repu-
