3214 4954
162 519 322 586 Diltheius
353 516 489 598 elegiam
523 513 612 578 illam
643 512 906 587 Callimaebiam,
941 533 980 576 ex
1012 533 1074 598 qua
1108 513 1254 598 expressi
1276 517 1383 578 essent

162 658 273 705 versus
292 634 426 714 Catulli,
455 633 617 699 invenisse
652 632 715 698 sibi
748 633 836 697 visus
877 638 935 696 est.
966 632 1152 697 referendos
1183 633 1267 697 enirn
1310 651 1381 696 esse

146 755 273 824 'versus
303 757 378 826 illos
419 758 514 839 putat
545 752 586 816 ad
618 751 771 833 elegiam,
809 771 905 836 quam
940 750 1134 816 adumbrare
1157 752 1190 816 in
1211 749 1320 816 libello'
1343 751 1381 816 de

163 876 353 944 Callimachi
369 873 519 959 Cydippe
542 876 674 936 conatus
697 876 754 935 est.
780 891 843 955 qua
864 871 898 934 in
917 869 1020 951 elegia
1040 878 1213 956 postquam
1224 870 1381 935 Acontius

163 1017 272 1062 amore
302 995 470 1082 Cydippae
506 996 618 1075 captus
651 990 763 1054 furtim
787 1010 917 1074 pomum
944 991 986 1054 ad
1020 991 1120 1074 pedes
1149 989 1275 1075 puellae
1296 990 1381 1055 inter

163 1117 322 1201 primores
353 1113 494 1194 virgines
524 1111 668 1176 sedentis
691 1109 861 1195 provolvit,
886 1107 1045 1188 Diltheius
1068 1110 1138 1192 ipse
1163 1107 1250 1174 hisce
1272 1108 1379 1174 verbis

166 1236 271 1320 pergit
292 1233 395 1319 phot
420 1230 574 1312 „ambigit
596 1229 705 1294 nutrix
739 1235 854 1314 (prope
875 1228 1054 1312 Cydippam
1076 1229 1109 1291 in
1127 1227 1245 1312 templo
1265 1228 1382 1312 stans),

164 1374 242 1418 num
263 1351 434 1437 profanum
455 1349 578 1416 malum
601 1349 656 1423 sit,
695 1349 782 1432 quod
805 1348 854 1413 cui
877 1348 960 1412 forte
984 1347 1154 1428 virginum,
1179 1367 1260 1431 quae
1283 1346 1381 1412 simul

154 1467 287 1538 'adsunt
308 1471 342 1535 in
363 1469 493 1555 templo,
516 1489 532 1534 e
557 1468 629 1532 sinu
652 1467 832 1545 deduxerit,
857 1487 898 1531 an
917 1467 995 1530 deae
1018 1465 1062 1530 sit
1084 1473 1249 1530 sacratum
1259 1491 1275 1541 3.
1293 1485 1379 1530 com-

166 1592 330 1677 paraveris
367 1588 567 1656 Catullianos
610 1606 722 1650 versus
753 1586 804 1661 65,
831 1587 971 1650 lta-al:
1018 1591 1074 1662 „ut
1104 1585 1235 1648 missum
1268 1586 1380 1669 sponsi

168 1710 305 1788 „furtivo
335 1728 467 1774 munere
503 1705 623 1770 malurn
659 1707 821 1790 procurrit
850 1710 939 1769 casto
963 1705 1097 1785 virginis
1122 1724 1137 1767 e
1161 1705 1302 1786 gremio“
1326 1725 1381 1778 ss.;
1459 1725 1461 1732 ’

164 1837 258 1917 putat
266 1833 365 1913 igitur
377 1826 540 1895 Catullum
564 1847 673 1892 versus
692 1827 765 1891 illos
778 1849 794 1892 e
808 1827 955 1912 Cydippa
968 1825 1157 1892 Callimachi
1171 1825 1382 1910 expressisse,

161 1951 272 2036 itaque
305 1970 339 2014 se
368 1949 585 2028 fragmentum
627 1945 767 2012 alterius,
792 1946 966 2024 „carminis
1004 1944 1175 2010 Battiadae
1215 1948 1382 2030 expressi‘

161 2068 416 2152 deprehendisse
440 2068 560 2145 eredit;
580 2087 655 2132 nam
679 2088 751 2132 cum
773 2069 965 2146 ,‚carmina“
990 2088 1019 2130 v.
1040 2067 1088 2143 16,
1112 2085 1137 2130 c.
1155 2065 1196 2144 65
1220 2065 1381 2132 aCatullo

162 2186 327 2273 promissa
356 2187 431 2266 sint,
454 2207 519 2250 non
542 2192 820 2265 ‚,carmen“,‚cum
843 2207 941 2250 unum
959 2187 1032 2250 dein
1057 2184 1252 2270 praebeatur
1283 2184 1383 2249 Calli-

159 2304 327 2370 machium
350 2325 479 2370 carmen
502 2304 619 2390 (cdd),
641 2304 867 2391 perprobabile
889 2301 958 2370 esse
974 2299 1086 2369 versus
1101 2305 1227 2369 19-24
1250 2303 1380 2388 (esst)

160 2427 381 2507 fragmentum
410 2445 480 2490 esse
510 2423 643 2491 alterius
679 2425 831 2490 carminis
866 2425 970 2489 amico
994 2425 1157 2509 promissi,
1186 2425 1379 2508 praesertim

163 2563 248 2620 cum,
283 2544 330 2620 „si
363 2545 612 2627 adiungerentur
639 2543 919 2629 praecedentibus,
953 2544 1053 2608 nimio
1076 2543 1220 2628 prolecto
1239 2544 1381 2628 pondere

161 2680 344 2746 parumque
376 2668 455 2747 apta
489 2665 629 2746 imagine
670 2663 849 2749 simplicem
886 2662 1098 2728 obliviscendi
1136 2663 1299 2728 notionem
1333 2665 1382 2728 in-

160 2780 375 2845 lustrarent.“
406 2781 463 2845 sed
479 2780 538 2847 hac
556 2781 686 2867 quidem
700 2783 733 2846 in
750 2803 784 2846 re
806 2783 975 2848 immemor
996 2783 1095 2848 luisse
1119 2783 1246 2848 videtur
1260 2754 1381 2856 eorum,

162 2919 247 2987 quae
276 2899 437 2986 Hauptius
468 2899 507 2965 de
539 2900 600 2966 hac
624 2902 901 2986 comparationum
930 2902 1226 2987 persequendarum
1257 2909 1325 2966 arte
1349 2903 1383 2967 in

163 3025 290 3103 quaest.
311 3021 380 3088 Cat.
404 3040 434 3106 p.
458 3019 501 3084 90
522 3020 765 3085 demonstravit.
791 3039 829 3085 ac
852 3022 1030 3095 rectissime
1062 3021 1252 3088 Schwabius
1274 3041 1306 3106 p.
1320 3021 1382 3086 273

165 3143 304 3222 (quaest.
316 3139 400 3219 Cat.)
424 3159 554 3204 sensum
577 3140 675 3204 totius
698 3139 761 3206 loci
783 3141 831 3204 ita
854 3141 1047 3226 explicavit:
1084 3140 1197 3218 „mitto
1223 3139 1281 3206 tihi
1303 3139 1383 3206 haec

160 3254 329 3331 carmina,
357 3279 397 3323 ne
418 3257 518 3324 verba
540 3263 598 3324 tua
620 3259 666 3324 ita
689 3280 705 3324 e
727 3262 884 3326 memoria
908 3259 985 3324 mihi
1020 3259 1180 3325 excidisse
1212 3264 1317 3344 putes,
1348 3269 1383 3327 ut

158 3374 290 3442 malum
312 3373 352 3439 ab
375 3382 518 3444 amatore
541 3365 677 3444 missum
699 3399 739 3444 ex
762 3381 884 3460 gremio
908 3378 1035 3466 puellae
1054 3379 1219 3463 inproviso
1235 3380 1383 3445 excidere

160 3492 281 3562 solet-‘⁴
307 3477 366 3558 'sic
410 3499 517 3563 omnia
554 3499 722 3585 aptissime
759 3499 842 3564 inter
875 3519 910 3566 se
951 3499 1145 3573 cohaerent3
1167 3499 1251 3583 ‚ipse
1281 3519 1380 3584 porro

157 3609 326 3681 Diltbeius
357 3611 540 3695 adnotavit,
572 3619 730 3701 imagines
759 3617 834 3684 illas
865 3619 904 3683 de
941 3639 1000 3684 usu
1032 3619 1189 3683 amatorio
1213 3639 1383 3704 pomorum

157 3735 286 3824 petitas
309 3732 540 3799 usitatissimas
561 3737 662 3803 fuisse
685 3736 835 3803 Graecis:
870 3757 899 3822 p.
918 3738 976 3803 60:
1007 3757 1127 3824 „poma
1149 3739 1233 3823 apud
1257 3745 1383 3804 veteres
1476 3799 1488 3816 ,,

159 3857 345 3941 scriptores
376 3870 474 3936 saepe
504 3852 538 3916 in
568 3855 656 3920 sinus
686 3854 865 3941 puellarum
889 3858 976 3922 iacta
1001 3867 1103 3935 esse“‚
1128 3859 1305 3941 etp.114:
1331 3859 1385 3935 „in

158 3975 309 4044 moribus
339 3977 437 4057 atque
471 3971 628 4037 institutis
651 3975 691 4046 ad
715 3993 830 4040 canam
853 3981 1047 4043 vetustatem
1069 3973 1278 4042 redeuntibus
1301 3975 1384 4042 mul-

157 4097 266 4187 tiplex
302 4093 444 4157 cernitur
473 4109 640 4176 pomorum
674 4113 751 4158 usus
782 4097 990 4160 amatorius.“
1030 4101 1172 4161 ceterum
1201 4093 1291 4160 loeus
1319 4091 1386 4174 ille,

156 4237 260 4311 quem
285 4231 328 4279 ex
348 4207 511 4297 Propertii
535 4209 732 4276 carminibus
756 4212 875 4291 attulit,
899 4235 925 4278 o.
942 4213 965 4292 l,
984 4217 1014 4290 3,
1034 4217 1076 4281 23
1090 4235 1134 4292 ss,
1157 4211 1236 4278 nihil
1260 4219 1387 4300 probat.

156 4344 221 4410 nisi
260 4333 347 4404 alios
382 4349 508 4416 quoque
554 4331 730 4418 scriptores
759 4333 955 4398 suavissima
990 4333 1049 4399 illa
1089 4332 1230 4414 imagine
1269 4334 1391 4421 quippe

157 4483 240 4551 quae
264 4448 393 4544 publici
416 4449 495 4514 iuris
518 4456 615 4530 esset,
639 4471 715 4516 usos
740 4471 827 4528 esse;
851 4451 963 4536 itaque
984 4471 1048 4517 non
1071 4457 1131 4526 est,
1154 4471 1210 4518 cur
1234 4451 1387 4520 hocloco

1165 4575 1184 4638 2
