3214 4954
645 264 939 330 ..10-

185 431 354 522 nusquam,
377 438 439 504 nisi
461 434 574 510 fallor,
607 437 776 510 verborum
808 434 925 502 Catulli
955 436 1145 502 memoriam
1174 437 1283 502 ioooso
1312 457 1403 522 repe·

186 553 262 622 tiisa'
284 557 418 627 videtur.
465 549 560 619 oredo
585 555 713 640 quidem
745 556 774 619 ei
804 555 897 640 epod,
928 556 977 633 17,
1006 556 1065 620 40:
1104 561 1160 632 „tu
1195 555 1335 640 pudiea,
1366 562 1420 622 tu*

187 675 313 762 proba“
344 673 497 740 scribenti
529 693 555 738 e.
584 676 627 738 42
655 681 700 751 tet
729 665 868 739 manime
897 675 1017 740 aaa
1060 674 1202 760 „pudiea
1232 679 1264 740 et
1291 675 1403 760 proba,

186 795 285 860 redde
308 792 512 865 oodioillos·⁸)
535 791 653 862 Catulli
676 793 882 858 obversatum
905 811 983 858 esse.
1007 798 1078 858 tota
1101 793 1187 858 enim
1215 795 1299 858 ratio
1331 815 1403 858 ver·

185 931 274 979 suum
297 909 394 998 plano
415 913 529 980 eadem
552 916 612 976 ost.
635 912 675 976 oi.
710 913 806 978 otiam
832 911 909 982 Hor.
933 916 994 976 sat.
1026 910 1049 988 l,
1077 913 1108 988 2,
1141 914 1202 994 123
1230 932 1303 978 oum
1332 913 1401 981 Cat.

189 1054 214 1098 c.
239 1033 290 1101 86,
316 1035 341 1096 1.
368 1031 436 1122 sed,
460 1035 531 1095 utut
553 1035 612 1104 est,
635 1036 720 1095 certe
743 1049 782 1094 ex
806 1029 885 1095 locis
908 1049 1008 1115 supra
1030 1029 1138 1095 allatis
1160 1032 1225 1096 iam
1247 1033 1327 1097 satis
1344 1051 1403 1117 ap-

185 1169 299 1237 parere
323 1149 401 1215 milri
423 1150 560 1224 videtur,
582 1147 752 1216 Horatium
775 1149 949 1235 plurimum
974 1149 1130 1214 interesse
1163 1154 1247 1216 inter
1280 1169 1339 1218 sua
1370 1157 1403 1218 et

184 1271 269 1335 inter
298 1269 416 1335 Catulli
448 1269 556 1336 studia
585 1265 711 1334 Graeca
740 1274 882 1353 putasse.
926 1288 1028 1352 neque
1059 1267 1120 1334 hao
1146 1269 1180 1335 in
1215 1289 1250 1334 re
1279 1290 1299 1335 a
1327 1289 1402 1336 vero

186 1390 359 1460 aberravit.
406 1409 480 1454 nam
503 1409 580 1456 ‘oum
602 1387 748 1456 Catullus
771 1401 877 1474 pauoa
897 1389 1074 1461 admodum
1099 1388 1140 1453 ab
1169 1388 1402 1456 Alexandrinis

185 1511 390 1596 potissimum
414 1510 530 1594 postia,
554 1511 674 1594 quippe
696 1510 750 1593 qui
774 1514 883 1574 aetate
905 1508 1045 1593 proximi
1068 1514 1195 1587 essent,
1231 1508 1324 1593 quasi
1360 1508 1402 1573 ti-

184 1629 292 1694 midus
330 1635 363 1692 et
395 1629 526 1722 saepius
556 1627 688 1694 verbum
718 1627 815 1693 verbo
849 1628 986 1692 reddens
1022 1631 1196 1712 repeteret,
1235 1625 1402 1706 Horatius,

183 1743 305 1833 spretis
328 1746 561 1812 recentioribus
584 1745 648 1811 illis
671 1747 789 1831 poetis,
814 1751 938 1811 veteres
960 1744 1103 1834 Graecos
1132 1746 1256 1813 imitari
1288 1752 1322 1813 et
1349 1754 1400 1812 to-

181 1873 252 1930 tum
276 1885 376 1947 genus
400 1865 536 1950 lyricum
560 1866 602 1930 ad
625 1865 787 1931 Romanos
809 1865 857 1929 ita
890 1866 1066 1929 transferre
1097 1871 1232 1931 conatus
1265 1870 1331 1944 est,
1354 1871 1400 1932 ut

181 1985 329 2066 integrae
353 1985 482 2071 quidem
505 1985 697 2050 imitationis
720 1983 870 2067 exempla
892 2003 1051 2068 nusquam
1083 1985 1263 2061 invenires,
1299 1983 1399 2050 Grae-

184 2124 256 2168 oum
281 2106 437 2170 orationis
461 2105 656 2171 ooloremet
679 2109 828 2168 ornatum
859 2102 976 2186 ubique
1006 2122 1209 2184 agnosceres.
1254 2104 1402 2170 Catullus.

184 2222 383 2290 Graecorum
405 2229 508 2289 artem
531 2224 644 2310 primis
667 2228 794 2288 tantum
816 2221 917 2288 labris
941 2223 1034 2306 quasi
1057 2223 1263 2304 degustavit,
1296 2223 1398 2288 Hora-

183 2343 248 2408 tius
272 2362 343 2408 eam
365 2342 462 2427 plana
483 2344 516 2406 in
538 2361 633 2407 snum
662 2362 794 2408 suoaum
825 2347 857 2406 et
884 2329 1100 2423 sanguinem,
1139 2348 1175 2406 ut
1204 2343 1252 2407 ita
1273 2344 1401 2414 dioam,

185 2459 354 2527 convertit.
379 2462 436 2526 sed
459 2461 499 2525 de
521 2460 658 2526 Horatio
682 2459 880 2525 Graecorum
903 2461 1069 2525 imitatore
1083 2459 1177 2526 multi
1200 2463 1261 2526 viri
1280 2462 1400 2527 doetis-

184 2571 258 2645 sim'i
281 2580 501 2664 seripserunt;
525 2579 618 2646 nobis
641 2580 680 2648 de
703 2578 823 2646 Catulli
847 2581 937 2665 poesi
956 2578 1159 2646 Graecanica
1181 2580 1322 2646 brevitor
1344 2601 1401 2646 ex·

184 2719 304 2785 ponere
328 2699 434 2766 lioeat.
480 2701 591 2785 itaque
615 2720 672 2784 per
694 2699 824 2781 singula
845 2718 1096 2785 persequamur,
1138 2720 1220 2784 quae
1252 2701 1400 2766 universe

183 2821 222 2885 de
245 2817 371 2886 Graooa
392 2820 576 2888 imitatione
599 2819 666 2888 aius
690 2819 841 2888 diximus.

269 2940 317 3005 Ao
341 2941 481 3024 primum
506 2939 634 3023 quidem
657 2938 894 3023 explorandum
911 2943 983 3010 est,
1006 2958 1165 3022 quaenam
1195 2937 1399 3022 potissimum

183 3057 385 3143 exemplaria
409 3057 535 3125 Graeoa
563 3057 709 3126 imitatus
737 3058 790 3124 sit.
834 3057 944 3140 itaque
967 3074 1039 3123 oum
1070 3058 1229 3126 Naevius,
1263 3055 1400 3133 Ennius,

185 3174 347 3245 Pacuvius
371 3184 403 3243 et
425 3175 578 3260 aequales
601 3181 726 3242 veteres
746 3174 944 3244 Graecorum
966 3183 1080 3262 poetas
1103 3175 1301 3244 carminibus
1332 3177 1399 3242 suis

182 3297 313 3382 assequi
336 3298 546 3374 studuissent,
570 3295 715 3364 Catullus
739 3304 771 3364 et
793 3296 849 3381 qui
872 3298 903 3362 oi
928 3296 1081 3384 νεώτεροι
1104 3303 1263 3362 vorantur
1284 3297 1318 3362 in
1333 3294 1398 3381 pri-

181 3415 243 3478 mis
267 3423 380 3500 poetas
403 3415 656 3491 Alexandrinos,
680 3416 733 3501 qui
757 3417 817 3500 ipsi
847 3417 934 3482 dooti
965 3417 1172 3500 antiquorum
1202 3415 1400 3484 Graecorum

182 3533 366 3602 imitatores
390 3542 492 3607 eraut,
514 3535 695 3619 sequendos
719 3535 782 3600 sibi
802 3541 1052 3621 proposuerunt.
1096 3555 1236 3620 namque
1258 3554 1323 3601 non
1346 3552 1399 3599 so-

182 3653 249 3720 lum
274 3659 382 3720 aetate
413 3654 555 3738 proximi
584 3660 754 3738 poetarum
789 3652 1006 3734 Graecorum,
1046 3654 1103 3720 sed
1133 3655 1237 3720 etiam.
1261 3649 1398 3732 ingeniis
1437 3701 1441 3710 .

182 3771 303 3844 Catulli
342 3776 374 3838 et
396 3774 575 3841 amicorum
598 3774 742 3841 manime
766 3793 860 3858 pares
884 3781 980 3860 atque
1003 3775 1071 3859 apti
1101 3778 1202 3838 erant.
1232 3769 1400 3836 abundant

183 3891 479 3960 Alexandrinorum
503 3896 656 3978 poemata
680 3893 831 3960 doetrina
854 3900 885 3960 et
899 3900 968 3959 arte
991 3891 1059 3963 illa,
1083 3911 1180 3978 quam
1200 3890 1323 3954 frustra
1334 3887 1399 3955 Ro-

179 4013 269 4080 mani
291 4011 378 4097 apud
399 4017 524 4078 veteres
546 4031 622 4076 suos
645 4017 759 4096 poetas
796 4011 1013 4097 requirebant.
1043 4010 1140 4096 plena
1162 4012 1237 4076 sunt
1258 4013 1400 4078 remota·

183 4149 254 4199 rum
278 4137 311 4201 ot
333 4130 576 4200 reconditarum
598 4129 783 4200 fabularum
815 4151 854 4196 aa
883 4130 1062 4216 perpolitae
1093 4127 1179 4196 illius
1209 4126 1399 4210 elegantiae,

187 4267 284 4329 quam
307 4250 394 4332 apud
417 4250 567 4335 antiquos
590 4269 666 4318 suos
691 4256 804 4334 poetas
827 4249 966 4320 iuoultos
991 4254 1087 4335 atque
1115 4247 1213 4316 rudes
1247 4247 1313 4317 iam
1341 4246 1400 4310 du-

187 4363 265 4430 dnm
288 4365 564 4438 desideraverant.
610 4369 736 4454 quade
759 4387 876 4436 caussa
889 4374 1006 4452 poetae
1028 4367 1102 4434 nori
1125 4386 1145 4432 a
1167 4367 1321 4436 Cioeroue
1343 4384 1401 4430 no·
