3214 4954
724 305 757 315 ..
846 267 1015 331 32..

267 446 364 525 poeta
387 438 543 506 excellere
566 441 690 505 studuit
713 446 745 506 et
768 460 832 525 qua
855 442 999 506 carmina
1023 442 1205 518 exornavit,
1230 447 1348 530 quippe
1370 449 1428 530 qui
1449 449 1504 513 le-

267 580 342 642 gum
364 558 492 624 illarum
515 558 682 624 subtilium
706 565 801 644 atque
825 561 1064 625 reconditarum
1088 567 1237 646 expertes
1252 564 1363 642 simos
1388 585 1503 654 saepe

267 697 398 742 numero
423 697 461 742 ne
484 697 657 758 agnoscere
680 680 825 764 quidem,
856 679 973 743 nedum
1003 681 1083 745 satis
1115 681 1270 746 admirari
1300 703 1498 777 possumus.

269 816 462 882 quanquam,
497 796 775 881 quantidatullus
798 799 868 882 ipse
901 803 1050 873 ornatum
1081 797 1172 862 illum
1203 801 1331 866 dicendi
1361 805 1498 884 fecerit,

267 917 363 984 facile
387 918 516 998 cognitu
540 923 597 984 est.
620 917 738 1002 ubique
762 937 887 982 summa
910 918 1080 1000 diligentia
1097 918 1185 1000 leges
1200 919 1273 986 illas
1288 923 1380 998 artis
1404 945 1489 1008 quas

268 1037 309 1102 ab
340 1034 570 1102 Alexandrinis
614 1037 819 1122 potissimum
853 1038 958 1122 poetis
989 1039 1134 1122 repetiit,
1168 1037 1320 1106 servavit.
1366 1043 1489 1127 ubique

268 1157 490 1221 severissimus
513 1161 684 1240 poetarum
707 1155 866 1222 malorum
886 1157 1091 1222 existimator
1113 1157 1233 1226 extitit.
1280 1161 1325 1226 sie
1352 1162 1482 1246 scripta

268 1276 396 1342 illorum
420 1277 487 1358 igni
510 1277 595 1342 tradi
619 1275 724 1354 iubet3
747 1277 788 1343 cf.
813 1297 839 1342 c.
864 1278 916 1347 36,
939 1279 959 1341 6
982 1297 1024 1342 ss.

573 1447 788 1524 „electissima
809 1448 942 1532 pessimi
965 1455 1081 1534 poetae

465 1565 470 1574 '
574 1567 697 1651 scripta
728 1568 888 1651 tardipedi
910 1568 968 1632 deo
993 1568 1141 1633 daturam

572 1684 754 1750 infelicibus
777 1685 951 1750 ustulando
973 1684 1102 1768 lignis‚“

269 1880 295 1925 c.
319 1859 360 1923 22
391 1853 554 1923 Suffenum
580 1862 728 1940 poetam,
760 1857 814 1940 qui
847 1856 935 1921 brevi
966 1858 1122 1942 temporis
1159 1859 1265 1942 spatio
1303 1857 1490 1944 „plurimos

267 1979 348 2044 facit
369 1982 500 2042 versus“
523 1977 622 2054 ridet3
647 1996 672 2042 c.
700 1978 739 2041 14
761 1982 874 2062 poetas
889 1977 962 2054 illos
977 1976 1096 2054 „saecli
1118 1978 1342 2044 incommoda“
1357 1998 1486 2045 eorum-

270 2117 331 2182 que
354 2097 498 2163 carmina
521 2101 689 2173 ,‚venena“
713 2095 871 2182 appellat,
905 2096 943 2160 cf.
969 2115 995 2159 c.
1019 2097 1071 2172 44,
1098 2098 1150 2162 12:
1192 2101 1393 2174 „orationem
1415 2099 1481 2184 ple·

267 2238 344 2284 nam
368 2217 480 2282 veneni
503 2225 534 2282 et
555 2216 759 2301 pestilentiae
769 2225 798 2293 ;“
822 2216 992 2281 notissima
1015 2221 1091 2280 sunt
1115 2235 1196 2300 quae
1220 2218 1259 2282 de
1285 2217 1393 2282 Volusi
1422 2237 1481 2282 an-

267 2336 396 2403 nalibus
419 2335 543 2402 iudicat
565 2355 591 2399 c.
613 2335 666 2420 95,
688 2336 724 2400 8:
747 2334 861 2412 „laxas
884 2334 1041 2400 scombris
1065 2354 1161 2420 saepe
1178 2335 1301 2401 dabunt
1321 2337 1481 2414 tunicas,“

269 2461 301 2522 et
323 2475 349 2521 e.
373 2456 425 2528 36,
449 2455 465 2518 1
490 2458 521 2518 et
543 2453 601 2530 203
625 2454 665 2518 cf.
689 2473 717 2518 c.
738 2454 791 2538 22,
816 2454 874 2518 14;
907 2453 1070 2532 „infaceto
1094 2461 1143 2519 est
1174 2455 1344 2544 infacetior
1375 2461 1483 2534 rure‚“

175 2608 179 2614 ·
270 2579 302 2640 et
333 2594 359 2640 c.
393 2574 452 2650 36,
489 2573 546 2637 19:
592 2571 698 2657 „pleni
732 2573 815 2638 ruris
856 2578 888 2639 et
928 2574 1139 2638 inficetiarum
1176 2573 1310 2640 annales
1350 2575 1484 2643 Volusi“

269 2695 328 2777 (cf.
352 2693 428 2758 Hor.
454 2713 503 2779 ep.
525 2692 563 2767 ΙΙ,
588 2695 616 2766 1,
641 2695 715 2760 160,
732 2700 764 2759 et
795 2693 876 2759 157:
906 2694 1068 2776 „vestigia
1089 2695 1216 2772 ruris“‚
1246 2702 1396 2787 „agreste
1417 2696 1479 2760 La-

269 2813 398 2898 tium‘).

354 2953 434 3018 quae
456 2938 565 2997 tamen
588 2930 846 2999 Graecismorum
870 2932 987 2999 Catulli
1009 2933 1097 3016 regio
1119 2939 1185 2998 tam
1208 2933 1270 2998 late
1302 2936 1410 3016 patet,
1442 2940 1480 2998 ut

268 3052 423 3120 nonnulla
444 3051 618 3118 admodum
641 3051 755 3118 leviter
777 3053 924 3134 attigisse
947 3055 1028 3118 satis
1049 3053 1167 3120 babere
1189 3050 1332 3118 debeam.

353 3173 482 3258 Itaque,
507 3177 543 3237 ut
565 3173 640 3237 inde
664 3173 845 3244 ordiamur,
882 3193 952 3238 cum
986 3175 1120 3239 omnino
1147 3169 1308 3248 Catullum
1338 3177 1480 3254 ueterum

269 3293 463 3378 scriptorum
485 3293 749 3358 consuetudinem
771 3299 897 3358 mutare
919 3293 1106 3365 videamus,
1130 3314 1187 3379 per
1210 3311 1244 3358 se
1267 3293 1347 3358 satis
1377 3291 1478 3356 credi·

269 3411 331 3477 bile
355 3419 412 3488 est,
436 3417 508 3478 eum
531 3413 629 3478 etiam
652 3431 736 3477 nova
757 3413 836 3480 artis
858 3412 1012 3478 metricae
1025 3420 1210 3499 ,praecepta
1233 3419 1377 3478 secutum
1401 3431 1480 3486 essa

270 3549 375 3614 neque
397 3530 521 3615 primus
541 3530 627 3616 ¹hanc
649 3532 735 3597 viam
757 3533 922 3614 ingressus
946 3540 1005 3596 est.
1028 3517 1145 3598 etenim
1169 3536 1343 3619 postquam
1359 3529 1477 3594 Ennius

269 3649 492 3715 hexametrum
514 3657 815 3737 pentametrumque
839 3655 871 3715 et
892 3669 957 3715 una
982 3670 1055 3715 cum
1078 3649 1128 3715 bis
1151 3652 1264 3717 metris
1291 3669 1398 3722 ,novas
1428 3667 1476 3712 ra-

267 3769 375 3835 tiones
397 3769 549 3835 metricas
572 3791 592 3835 a
615 3770 748 3836 Graecis
772 3770 813 3834 ad
835 3768 997 3834 Romanos
1020 3770 1196 3846 transtulit,
1220 3768 1365 3837 Catullus
1382 3773 1479 3834 artem

268 3889 302 3954 in
324 3887 374 3953 bis
398 3887 525 3970 quidem
548 3891 659 3954 metris
689 3891 756 3954 iam
785 3887 963 3954 stabilitam
996 3889 1094 3954 etiam
1130 3891 1173 3974 ad
1201 3889 1306 3974 lyrica
1339 3888 1480 3953 carmina

268 4007 445 4074 transferre
468 4015 602 4074 conatus
635 4014 693 4074 est.
739 4009 862 4093 primus
890 4027 1002 4073 versus
1035 4007 1222 4094 phalaecios
1253 4014 1285 4074 et
1318 4008 1476 4072 trimetros
1511 4021 1513 4027 ’

269 4133 438 4194 scazontes
461 4126 508 4192 ita
529 4127 740 4214 popularibus
763 4129 831 4193 suis
855 4130 1109 4201 commendavit,
1139 4134 1175 4194 ut
1197 4123 1275 4192 mox
1296 4124 1476 4209 gratissima

269 4248 557 4334 acceptissimaqne
581 4257 689 4315 essent
710 4247 881 4324 Romanis:
904 4247 991 4314 idem
1006 4247 1157 4334 strophas
1177 4243 1375 4312 Graecorum
1390 4242 1478 4329 quasi
1547 4273 1553 4284 ·*

270 4369 362 4429 caute
385 4371 417 4429 et
439 4367 551 4432 timide
573 4366 692 4433 imitari
725 4368 830 4454 coepit
862 4368 1031 4451 (perversa
1059 4367 1143 4432 enirn
1175 4365 1233 4431 illa
1261 4366 1480 4430 ’recentiorum
