3214 4954
187 526 274 611 quod
298 527 499 611 epigramma
521 522 712 589 Callimachi
736 529 800 607 (ep.
824 523 866 586 25
889 520 1003 606 Mein.)
1022 521 1169 586 imitatus
1201 519 1404 603 conseripsit

191 645 339 712 conferas
362 647 446 712 enim
470 643 569 710 verbo
591 644 725 712 Catulli:
755 739 759 748 .

386 799 489 878 „nulli
512 819 546 864 se
569 797 648 864 dicit
669 796 781 862 mulier
806 817 879 862 mea
901 794 1019 860 nubere
1042 794 1139 860 malle

387 939 483 1004 quam
506 918 593 996 mihi,
617 938 680 982 non
703 919 731 982 si
755 937 789 982 se
812 916 933 1002 lupiter
955 915 1024 999 ipse
1047 922 1146 999 petat.

387 1039 481 1102 dicit:
516 1038 573 1102 sed
595 1036 710 1101 mulier
732 1038 848 1122 cupido
873 1034 957 1120 quod
980 1032 1061 1099 dicit
1089 1036 1212 1099 amanti

389 1158 423 1220 in
446 1163 540 1223 vento
563 1165 595 1222 et
618 1157 733 1242 rapida
756 1155 897 1221 scribere
921 1159 1049 1239 oportet
1073 1161 1188 1236 aqua‚“

194 1293 250 1377 (ef.
275 1293 370 1359 catal.
396 1295 512 1376 Vergil.
536 1293 563 1372 Ι)
588 1315 660 1359 curn
681 1293 787 1359 verbis
811 1290 1017 1358 Callimachi:

389 1408 498 1501 ὤμοσε
522 1409 763 1496 Καλλίγνωτος
783 1409 920 1490 Ἰωνίδι,
952 1414 1086 1498 μήποτε
1110 1411 1213 1498 κείνης

391 1527 477 1611 ἕξειν
500 1535 588 1621 μήτε
612 1529 714 1611 φίλον
748 1532 922 1619 κρείσσονα
946 1531 1036 1619 μήτε
1060 1527 1172 1616 φίλην.

390 1647 527 1740 ὤμοσεν.
552 1647 642 1713 ἀλλὰ
662 1647 816 1734 λέγουσιν
839 1648 973 1738 ἀληθέα
997 1644 1072 1726 τοὺς
1094 1646 1124 1712 ἐν
1151 1645 1247 1736 ἔρωτι

390 1767 507 1860 ὅρκους
528 1760 704 1858 μὴ’δύνειν
728 1765 822 1835 οὔατ’
847 1768 875 1849 ἐς
897 1763 1091 1836 ἀθανάτων.

197 1924 360 2008 proverbii
391 1923 462 1989 loco
494 1925 578 2009 apud
611 1923 752 1990 Graecos
784 1922 864 1992 καθ’
888 1918 1008 2000 ὕδατος
1030 1919 1174 2012 γράφειν
1209 1921 1273 1986 diei
1308 1919 1411 1994 solet;

197 2042 298 2108 verba
318 2043 431 2120 „festis
453 2042 649 2110 luminibus“
673 2068 700 2109 v.
720 2049 763 2112 90
785 2065 812 2110 c.
833 2045 874 2110 66
905 2042 1150 2110 Callimachium
1172 2040 1326 2130 quiddam
1357 2060 1410 2108 so-

198 2161 364 2226 noreiam
394 2163 514 2230 dudum
545 2165 606 2230 viri
634 2164 722 2230 docti
756 2132 1003 2240 adnotaverant,
1035 2163 1077 2230 ef.
1102 2161 1181 2228 Call.
1205 2160 1236 2226 h.
1260 2161 1294 2226 in
1315 2159 1409 2226 Dian.

202 2280 278 2360 182;
301 2281 332 2346 h.
355 2283 388 2347 in
412 2284 480 2371 Chr·
504 2283 561 2350 83:
586 2277 687 2366 φάεα.
709 2320 751 2330 -

285 2435 426 2502 Transeo
449 2437 491 2502 ad
513 2435 602 2503 aliud
624 2445 728 2519 genus
748 2437 937 2509 carminum,
952 2439 986 2502 in
1001 2435 1117 2522 quibus
1130 2433 1275 2502 Catullus
1287 2431 1412 2500 Graeco

202 2555 356 2620 orationis
385 2561 499 2622 ornatu
527 2575 604 2622 usus
640 2563 699 2622 est.
735 2557 884 2622 adhibuit
914 2577 986 2622 eum
1025 2557 1058 2621 in
1089 2553 1235 2641 epistolis
1265 2572 1346 2638 quas
1360 2551 1412 2630 ‚ad

203 2661 324 2736 amicos
347 2674 400 2756 qui
423 2695 439 2738 e
461 2695 592 2740 numero
616 2684 781 2760 poetarum
806 2677 972 2742 doctorum
995 2682 1097 2754 erant,
1113 2674 1320 2758 scripsitqui
1339 2692 1411 2737 oram

125 2793 128 2800 '
202 2810 267 2855 una
297 2811 369 2856 curn
392 2792 517 2857 Catullo
539 2793 777 2858 Alexandrinos
811 2801 923 2880 poetas
947 2779 1124 2880 sequendos
1158 2792 1220 2858 sibi
1253 2811 1412 2877 proposu-

202 2911 297 2988 erint,
318 2910 414 2976 facile
439 2912 603 2977 intellectu
628 2921 686 2990 est,
709 2934 766 2978 cur
789 2919 886 2998 poeta
904 2913 1099 2979 Veronensis
1123 2914 1155 2978 in
1179 2910 1324 2997 epistolis
1347 2908 1414 2974 illis

205 3032 406 3114 potissimum
431 3029 556 3096 Graeca
569 3032 746 3099 eruditione
764 3040 860 3118 atque
879 3033 1061 3098 urbanitate
1079 3031 1237 3110 excellere
1254 3031 1416 3096 studuerit

204 3147 507 3236 Alexandrinaeque
540 3151 704 3218 doctrinae
737 3153 984 3218 ostentationem
1008 3152 1184 3218 admiserit.
1215 3152 1263 3218 sie
1289 3151 1322 3215 in
1346 3150 1414 3236 epi·

205 3266 290 3333 stola
312 3271 352 3334 ad
375 3270 409 3347 Q.
432 3269 639 3338 Hortensium
670 3271 815 3338 Ortalum
837 3274 945 3350 missa,
974 3273 1028 3359 qui
1059 3273 1227 3352 „carmina
1260 3289 1416 3355 expressa

205 3386 395 3452 Battiadae“
419 3389 479 3453 sihi
511 3392 700 3475 expetierat,
722 3398 857 3458 mortem
883 3391 1076 3468 ⁸‚Lethaeum
1097 3389 1276 3474 gurgitem“
1293 3394 1325 3454 et
1339 3409 1415 3473 poe-

205 3511 296 3596 mata
318 3505 503 3582 „Musarum
528 3511 631 3576 letus“
656 3511 814 3596 appellat;
845 3513 879 3576 iu
901 3512 1013 3576 eodem
1045 3531 1072 3575 c.
1096 3511 1139 3574 ct
1160 3509 1250 3586 dicit,
1273 3515 1307 3572 s'e
1330 3527 1414 3571 mor-

206 3629 271 3689 tem
305 3625 416 3690 fratris
449 3630 639 3708 gravissimo
674 3651 820 3698 maerore
842 3629 952 3712 lugere
974 3636 1129 3714 tanquam
1153 3627 1337 3716 „Dauliada
1358 3627 1415 3694 ab·

206 3745 417 3830 sumptifata
439 3756 617 3827 gementem
640 3749 765 3836 Itylei“‚
799 3769 879 3836 quae
903 3750 1002 3815 verba
1024 3748 1112 3814 nullo
1136 3749 1242 3818 modo.
1274 3748 1308 3813 id
1331 3745 1416 3832 quod

207 3883 292 3929 nunc
315 3864 503 3951 plerumque
525 3867 612 3934 docti
635 3870 828 3956 interpretes
851 3873 975 3955 putant,
994 3870 1028 3933 in
1048 3889 1074 3934 e.
1090 3870 1147 3934 101
1167 3869 1309 3932 inserere
1323 3865 1417 3941 licet3

207 3999 346 4067 namque
369 3985 531 4052 Catullum
563 3987 597 4050 in
632 3987 692 4054 hoe
724 3992 865 4056 carmine
896 3989 1135 4075 simplicissimo
1166 3993 1199 4052 et
1220 3986 1417 4058 dulcissimo,

209 4119 271 4184 quo
295 4105 479 4171 verissimos
502 4124 578 4170 suos
601 4105 727 4172 dolores
750 4107 881 4184 effudit,
909 4108 1035 4176 Graeca
1062 4107 1209 4173 doctrina
1231 4125 1323 4170 usum
1347 4123 1418 4170 esse

208 4219 357 4306 equidem
387 4245 451 4291 non
480 4225 584 4290 credo.
619 4227 736 4291 etenim
767 4227 884 4314 ubique
914 4249 986 4294 eum
1021 4247 1061 4292 ex
1089 4227 1203 4290 intimo
1234 4228 1341 4290 animo
1370 4222 1418 4290 lo·

208 4347 359 4424 quentem
390 4345 585 4430 intimasque
615 4346 791 4414 sententias
822 4367 897 4414 suas
942 4348 1143 4428 detegentem
1179 4343 1307 4410 fabulas
1344 4341 1418 4408 illas

208 4457 352 4526 Graecas
375 4482 525 4548 spernere
547 4471 645 4548 atque
668 4465 777 4548 lugere
801 4467 956 4532 videmus.
